2050 3280
0 1087 1 1134 1
61 1068 151 1110 Publius
167 1057 283 1118 Verptlius
302 1064 342 1112 islo
357 1065 415 1106 enim
432 1067 519 1108 Romani
536 1065 648 1114 recubanti
668 1071 727 1111 Mero
743 1073 794 1113 anni

36 1134 62 1172 ab
75 1133 103 1172 11.
116 1133 140 1172 G.
151 1141 190 1171 ess
200 1131 246 1171 sive
257 1139 282 1170 ro
294 1135 343 1170 unte
355 1131 395 1172 (ib.
410 1132 435 1171 N.
450 1131 520 1172 idibus
534 1129 586 1179 lxvi
600 1134 719 1174 octobribus
732 1141 795 1176 nutus
836 1154 837 1162 1

10 1208 12 1241 1
36 1195 100 1234 estin
109 1195 158 1234 vico
168 1194 215 1244 egri
223 1193 347 1241 Mantuani,
358 1195 426 1233 Andes
434 1194 491 1234 dicto
503 1193 572 1240 lbodle
581 1197 670 1241 Pistum,
682 1199 794 1238 secundum

10 1250 12 1277 ¹
36 1258 137 1297 Msiieum
146 1262 216 1297 autem
228 1252 311 1300 Bondei
318 1287 324 1304 ,
332 1257 454 1304 parentibus
464 1257 561 1305 rusticis,
572 1260 607 1298 sed
615 1259 652 1307 qui
663 1259 730 1299 tilium
741 1261 794 1301 libe-

10 1306 12 1353 !
37 1320 110 1360 naliter
119 1321 250 1360 educundum
256 1323 278 1358 et
287 1319 441 1358 instituendum
452 1320 509 1360 omni
520 1321 580 1359 modo
588 1325 694 1361 curarent.
701 1322 794 1363 Primum

38 1381 146 1422 Cremonae
158 1381 265 1429 eruditus,
277 1385 326 1430 toga
332 1381 391 1420 virili
405 1387 487 1430 sumptu
496 1391 552 1421 anno
563 1391 637 1420 ess-
647 1392 680 1430 ss,
695 1385 800 1425 Modiolus

1 1463 13 1484 lt
38 1453 89 1482 num
99 1454 122 1484 se
130 1444 232 1492 contulit,
242 1443 291 1482 inde
303 1441 413 1491 neapolin,
428 1444 465 1483 ubi
474 1443 599 1484 Parthenius
612 1446 762 1493 grammaticus
775 1453 795 1487 et
822 1455 825 1460 ·

38 1511 97 1553 poeta
105 1507 182 1556 graecis
191 1515 240 1547 eum
250 1505 318 1546 literis
327 1505 439 1554 diligenter
448 1507 532 1546 imbuit.
548 1506 602 1546 ilino
614 1517 670 1546 nuno
682 1509 746 1549 terme
757 1519 794 1550 ror

11 1558 13 1595 Ι
39 1577 96 1608 -sr
107 1571 192 1611 numum
202 1567 315 1617 proiectus,
329 1566 353 1606 iu
364 1567 449 1616 syrouis
460 1579 482 1608 se
496 1568 614 1618 philosophi
628 1568 727 1617 Epicurei
739 1571 797 1612 dedit

12 1630 14 1693 i
38 1631 181 1680 disciplinam.
195 1631 227 1671 lbi
236 1634 309 1671 eructo
317 1630 413 1679 biennio,
422 1631 479 1670 circu
491 1641 570 1671 annum
581 1639 655 1670 tos-
666 1641 691 1671 su
701 1633 764 1673 rediit
772 1635 796 1674 in

38 1691 141 1741 praedium
153 1695 271 1740 sudium,
282 1692 367 1742 ingenio
381 1703 418 1732 suo
433 1703 475 1733 non
491 1693 561 1734 minus
573 1703 636 1742 quum
654 1695 680 1734 ob
693 1695 796 1735 valetudi-

39 1765 89 1796 nem
97 1757 235 1797 lubrmiorem
248 1757 274 1795 sti
287 1755 416 1796 nutiounnm
430 1755 496 1796 vitum
511 1747 612 1796 et'otium
626 1756 733 1797 literatum
749 1769 797 1807 pro-

11 1832 13 1861 1
38 1829 126 1868 pensus.
137 1819 212 1858 Poesin
220 1822 288 1858 nutent
295 1820 340 1867 tntu
346 1819 458 1859 Parthenio
466 1819 586 1868 impellente
594 1819 695 1868 magistro
702 1824 797 1862 tentave-

1 1864 13 1922 )
38 1885 89 1930 rat,
108 1885 129 1920 et
142 1881 208 1920 mults
223 1882 304 1928 iuvenis
319 1881 415 1922 carmina
432 1883 515 1922 minore
535 1881 630 1930 scripsit,
641 1879 734 1932 'quorum
750 1895 796 1933 qun

11 1944 13 1997 l
39 1947 139 1993 superest
152 1943 251 1983 memoris
266 1943 320 1983 inira
336 1947 434 1992 ponetur.
451 1944 562 1984 bucolicen
580 1945 665 1992 quinem
681 1949 723 1986 tum
740 1947 796 1986 ielioi

39 2011 119 2048 eventu
128 2007 274 2056 iucbosverst,
283 2011 308 2046 ut
316 2008 339 2048 G.
350 2007 436 2047 Asinius
445 2007 511 2047 Pollio
520 2017 580 2054 eum,
589 2007 682 2046 diliieilis
687 2009 762 2056 iudex,
771 2011 798 2048 sd

12 2098 14 2113 .
40 2074 80 2112 boo
87 2073 275 2122 getrusornunduur
282 2071 535 2120 impenseexbnrturetur.
546 2070 611 2118 cujus
619 2068 692 2108 virilu
700 2071 798 2111 uotiuum

40 2134 234 2175 etismiliaritotem
244 2133 325 2173 venisse
331 2133 414 2174 1111111111
418 2135 462 2182 jum
472 2137 560 2172 exeunte
569 2141 624 2172 anno
634 2139 669 2170 tis
678 2141 747 2180 —rs,
757 2143 799 2182 quo

0 2194 1 2247 l
40 2203 134 2248 tempore
148 2197 185 2237 ille
203 2196 278 2238 Gallie
293 2196 404 2246 cisalpinus
420 2197 515 2245 regende
528 2194 650 2244 prepositus
665 2199 704 2235 est.
718 2197 797 2236 Verum

41 2261 116 2301 beilioo
132 2261 226 2301 tumultu
241 2264 262 2300 et
273 2259 362 2300 militari
377 2259 456 2308 injuria
475 2259 566 2309 putrium
582 2262 648 2307 poetae
665 2260 799 2300 vehementer

0 2337 1 2384 1
41 2323 218 2366 conturbantibus
225 2324 303 2362 notum
311 2327 343 2364 est
352 2327 376 2362 nt
384 2322 533 2381 bucoliou'etus
540 2322 602 2362 Musa
610 2321 674 2361 etium
684 2333 716 2362 res
725 2322 799 2363 civiles

12 2372 14 2423 l
41 2393 63 2428 et
73 2388 160 2428 bellicas
169 2385 294 2435 attingeret,
305 2389 350 2426 tum
364 2385 405 2425 ulis
416 2386 483 2425 mults
493 2396 505 2424 a
517 2383 636 2434 pastoribus
649 2385 730 2434 alienu,
746 2395 798 2434 uuo-

42 2452 100 2492 uium
111 2453 137 2492 su
146 2451 205 2491 viros
212 2453 317 2500 potentes,
332 2451 414 2498 doctos,
424 2448 476 2489 Urbi
493 2445 609 2488 innutritos
621 2448 723 2488 mittentis
738 2453 799 2488 eruut

41 2517 77 2555 11111
86 2515 181 2556 carmine
190 2516 212 2553 et
221 2515 356 2561 querendum
364 2511 513 2562 patrocinium.
522 2513 574 2551 nam
581 2519 631 2550 vere
638 2511 690 2551 111111
698 2519 796 2551 ris-sn

41 2579 103 2620 turbu
115 2583 264 2618 veteranorum
277 2575 301 2615 in
316 2575 407 2617 Galliam
420 2576 589 2624 'transpadanam
599 2575 670 2623 uenit,
687 2575 800 2614 sdversstae

0 2619 1 2662 ¹
41 2643 158 2683 Octaviano
174 2641 282 2681 cremone
295 2638 355 2678 urbis
373 2647 434 2688 egros
454 2641 588 2686 occupatum
608 2637 646 2685 qul
663 2645 729 2684 quum
744 2636 800 2676 baud

43 2709 163 2748 sufficerent
181 2703 298 2749 militibus,
320 2703 419 2742 numoter
439 2701 472 2740 illi
491 2701 555 2740 etium
577 2700 763 2740 vicinosbiuutute
779 2703 801 2740 et

1 2772 3 2786 ¹
43 2771 134 2810 Annium
143 2765 205 2817 u'gros
218 2765 354 2813 invaserunt3
365 2765 400 2804 sed
412 2762 498 2813 Virgilii
507 2761 584 2812 predio
595 2765 641 2801 tum
653 2761 737 2810 quinem
750 2771 800 2810 pnr-

43 2833 110 2872 eitum
120 2835 163 2878 est,
174 2827 249 2869 Asinio
255 2827 348 2867 Pollione
356 2831 380 2866 ut
390 2826 473 2866 videtur
484 2828 613 2873 protegente.
627 2825 703 2864 Eodem
717 2834 801 2864 suasore

0 2883 1 2942 l
44 2905 70 2934 sn
87 2899 173 2944 sponte,
188 2891 307 2938 incertum,
317 2893 378 2939 poeta
391 2889 514 2938 insequente
526 2892 599 2928 aesute
612 2889 697 2928 Romam
710 2891 802 2935 11111111-

43 2959 120 3006 iectus,
128 2961 152 2996 nt
160 2957 188 2996 ub
196 2955 242 3004 ipso
251 2954 365 2994 Octaviano
374 2950 541 2992 incolumitatem
551 2950 598 2998 egri
608 2952 723 2996 expeterem
739 2958 802 2994 quum

44 3019 144 3066 obtinuit,
152 3023 174 3058 et
182 3021 243 3064 muto
254 3014 452 3056 unimobeueiieium
461 3012 575 3052 celebravit
584 3010 679 3048 versibus
688 3005 802 3055 {Eclopulli

719 3143 735 3174 α
