2050 3280
208 211 221 254 il
464 215 604 250 ιιιιιιιι
624 213 702 250 virt

334 307 463 311 —v—----
467 307 618 314 -——--—·.-
639 310 797 316 .——.-...
918 316 950 322 ᾖ

205 350 244 390 Sed
252 349 287 389 vir
293 359 348 389 anno
357 354 403 398 post
404 344 496 389 Asinius
505 354 604 400 patronus
611 349 689 390 excidit
696 349 812 399 provincia
821 349 871 388 etc
880 347 975 388 memus

206 414 274 452 Varus
289 411 364 452 cotie
376 411 489 461 cisalpina
502 415 565 464 utque
579 413 639 464 nuris
650 411 769 452 divim
788 415 819 452 est
838 411 973 460 praelectum

206 485 267 524 quem
276 480 344 524 poeta,
357 485 411 515 novo
421 475 498 515 timore
507 479 592 523 captus,
602 476 699 524 precibus
707 474 760 514 adlit
771 478 795 514 ut
801 474 897 514 Mantuae
908 474 975 522 agris

205 542 307 587 parceret.
318 541 345 580 itt
354 539 391 578 ilie
399 547 441 578 non
453 538 564 587 impedivit
575 538 687 586 quominus
702 536 802 578 Octavius
812 537 887 585 Mure,
902 545 974 584 agro-

205 609 253 639 rnm
261 599 372 647 nmmos,
385 599 453 638 instes
461 600 597 648 Hannonis,
612 609 709 649 metuam
719 601 765 646 eius
777 597 824 647 stri
835 601 919 646 partem
931 607 974 636 ve-

204 661 284 702 teranis
295 659 419 710 sscrlberet;
436 662 492 702 inter
509 673 561 712 quos
578 659 652 702 Arrius
665 661 750 712 quidem
763 657 860 700 centurio
876 657 972 708 Virgilii

205 725 306 773 bladium
316 726 337 766 vi
345 729 367 766 et
376 724 475 766 violentis
484 725 602 776 occupavit.
611 727 691 767 cedem
699 729 758 776 poeta
770 727 855 766 Romam
866 723 956 772 adtingit
964 755 970 771 ,

205 789 241 828 ubl
254 788 277 828 ln
289 789 340 829 silla
351 789 438 838 Syronls
448 790 582 839 preceptor-ts
593 790 722 838 aliquamdiu
732 789 794 828 intuit
806 786 863 834 iside
875 787 971 827 cacte-

205 855 289 891 olorum
297 849 338 900 Xl;
351 851 426 892 deinde
438 851 531 892 carmine
544 853 657 900 composito
667 851 753 902 illelopo
762 849 813 900 lxi.
829 850 970 890 interoeden·

205 914 261 954 tibus
272 915 364 956 Pollione
372 919 394 954 et
404 916 529 962 nocentis,
539 915 565 954 ab
576 916 690 955 octaviam
699 915 820 964 impetravit
829 918 853 953 ut
861 923 914 962 ager
923 914 969 953 sibi

205 979 325 1018 redderetur
333 982 446 1018 eructumno
453 978 505 1018 anni
513 987 613 1026 ιιι-ιο,
623 983 645 1018 et
653 979 761 1018 triumviri
769 978 822 1017 ndeu
826 977 970 1018 mitterentur

205 1039 242 1088 uui
252 1039 374 1080 Mantuanis
382 1050 464 1090 quoqne
477 1045 557 1089 partem
568 1051 666 1090 agrorum
680 1041 822 1082 restituerent.
837 1039 887 1089 Quo
898 1040 967 1080 bene·

205 1102 252 1142 ticio
267 1106 289 1142 ct
302 1103 390 1151 publicus
408 1104 553 1152 prosperitatis
566 1103 661 1152 auguriis
674 1104 795 1144 leduinus
811 1112 860 1142 mox
876 1102 968 1151 scripsit

204 1165 305 1204 celebrem
314 1166 406 1214 eclogam
413 1171 520 1215 quartam
531 1167 567 1206 sed
574 1167 649 1207 barum
658 1178 729 1208 rerum
738 1167 806 1216 aptior
813 1165 897 1206 dicendi
904 1166 968 1205 locus

204 1229 267 1270 estin
276 1231 406 1279 argumentis
413 1236 538 1280 poematum.

231 1291 262 1330 Ab
275 1301 299 1330 eo
311 1295 403 1340 tempore
411 1293 522 1342 Virgilius,
532 1293 653 1334 Maecenatis
664 1291 732 1342 gratia
740 1294 825 1339 florens,
838 1291 967 1342 plerumque

203 1355 279 1402 boma,
288 1354 364 1393 raroin
371 1355 449 1403 praento
458 1355 540 1395 indino
549 1356 609 1395 vixit.
620 1359 681 1396 Anno
690 1364 800 1402 sss-ss,
810 1363 881 1394 mense
888 1355 965 1402 aprili,

204 1417 307 1458 Maecenas
316 1417 413 1457 comitem
422 1417 483 1458 duait
490 1418 514 1458 in
524 1417 650 1458 Brundisino
662 1418 700 1458 iiio
710 1418 786 1457 itinere
795 1418 849 1466 quod
863 1417 966 1456 Horatius

204 1479 299 1520 narravit
310 1474 366 1526 (Sat.
381 1477 417 1525 vi.
432 1481 562 1529 insequentis
578 1481 697 1528 connivere,
712 1491 777 1530 quum
793 1479 889 1519 ultimam
905 1480 965 1519 ecio-

203 1552 250 1590 μω
259 1543 354 1592 scripsit.
365 1548 425 1592 poeta
437 1545 590 1591 Georplcorum
599 1543 657 1592 operi
665 1546 735 1591 solam
743 1543 859 1582 admovisse
865 1542 965 1582 mimum

203 1605 315 1654 significat.
337 1606 399 1656 Quod
417 1616 501 1646 carmen
520 1606 642 1646 Maecenatls
662 1606 754 1655 impulsu
769 1606 916 1656 componebat,
936 1612 965 1646 ut

203 1669 300 1709 omissam
313 1669 357 1709 lere
371 1679 409 1718 per
428 1670 502 1709 civiles
517 1671 620 1708 tumultus
638 1669 789 1718 agriculturam
806 1671 965 1710 commendaret

203 1733 311 1779 Romanis.
321 1742 396 1780 eosque
406 1733 433 1772 ad
446 1733 563 1782 neglectum
579 1733 619 1772 boc
635 1732 684 1772 vltae
697 1742 763 1782 genus
778 1732 878 1772 smvibus
892 1734 964 1772 modis

203 1799 317 1836 revocaret.
335 1796 444 1836 concessit
459 1799 529 1836 autem
544 1796 568 1835 in
584 1795 666 1836 ltaliam
674 1795 795 1835 interiorem
805 1800 827 1834 et
843 1796 944 1844 lleapoliu
955 1811 962 1836 ι

202 1857 233 1896 ibi
244 1857 356 1897 marimum
368 1858 467 1908 temporis
483 1863 562 1908 partem
574 1867 716 1906 commorans,
727 1858 874 1898 amoenissimis
889 1859 962 1908 regio-

203 1919 277 1967 nibus,
288 1920 397 1970 septennio
410 1921 498 1971 perleclt
510 1923 549 1961 boc
559 1931 623 1970 opus,
633 1922 687 1970 qnod
698 1931 753 1960 anno
763 1930 800 1960 ιιι
812 1939 840 1949 -
857 1930 881 1960 so
894 1921 962 1961 tuisse

202 1983 321 2024 absolutum
330 1994 354 2023 es
367 1984 412 2034 ipso
420 1987 508 2026 cousus.
521 1984 626 2024 Nimirum
638 1983 757 2024 tarditatem
766 1985 877 2032 quamdam
885 1983 963 2024 eximii

202 2050 266 2094 poeta
281 2047 304 2086 in
318 2048 466 2096 componendis
486 2046 615 2086 carminibus
635 2049 656 2086 et
674 2047 801 2096 expoliendis
818 2047 860 2096 ipsi
877 2052 963 2088 veteres

115 2127 116 2130 =
202 2111 314 2156 luctantum
324 2113 424 2157 preterea
433 2109 531 2148 mteries
539 2109 608 2158 operis
617 2110 726 2158 permititis
736 2121 761 2149 er
768 2109 910 2150 voluminibus
916 2115 963 2151 tam

201 2171 276 2219 urceis
284 2182 347 2220 quam
357 2172 429 2212 latinis
440 2173 499 2212 docto
509 2176 530 2211 et
539 2171 652 2221 diiigenter
660 2173 779 2222 conquisita
789 2184 833 2212 esse
843 2173 960 2222 reperitur.

202 2234 261 2273 Unde
272 2233 469 2283 virgilisnilnuemil
479 2234 559 2274 virtute
567 2235 671 2284 sinuubri
679 2236 762 2276 exstitit
771 2246 846 2285 cerpus
858 2237 962 2285 putcher-

201 2295 279 2335 rimum
288 2300 310 2336 et
318 2296 409 2345 undique
418 2301 591 2337 consummatum.

227 2358 289 2398 Prius
297 2369 346 2399 vem
354 2368 417 2407 utram
425 2360 466 2399 boc
472 2370 556 2400 carmen
565 2362 590 2401 sd
598 2362 662 2402 linem
670 2361 779 2412 perduxit,
787 2363 831 2410 tam
840 2363 866 2402 de
873 2363 962 2406 heroico

201 2425 294 2469 poemme
305 2423 413 2470 mouendo
421 2433 443 2462 se
454 2424 546 2473 cogitare
555 2424 684 2474 significavit
692 2428 730 2474 ill,
742 2437 761 2465 v.
772 2435 806 2465 so.
819 2425 892 2476 Quare
901 2430 963 2468 credi

201 2487 268 2531 potest
277 2484 377 2524 absolutis
387 2485 496 2536 Georgicis
505 2487 577 2527 statim
589 2487 697 2528 inchoasse
704 2489 827 2533 ,dosidem
837 2487 862 2527 ln
870 2489 962 2532 Romani

201 2547 293 2588 nominis
302 2552 324 2587 et
332 2549 421 2598 investi
431 2550 532 2591 bonorem
541 2552 710 2599 componendam.
723 2553 788 2600 Cuius
800 2555 880 2600 quanta
894 2553 963 2594 inerit

200 2609 356 2658 exspectatioet
361 2612 422 2661 quasi
437 2618 563 2664 presumpte
573 2614 638 2662 lama,
650 2618 726 2664 prater
741 2615 783 2654 aila
796 2615 893 2656 indicant
909 2620 962 2658 Pro-

200 2673 263 2722 pertii
274 2685 346 2716 versus
355 2677 454 2728 inelegia
463 2688 518 2718 anno
533 2687 570 2718 ιιι
581 2677 614 2717 vel
626 2687 664 2718 ιιι
673 2678 750 2728 scripta
761 2676 810 2728 1111,
823 2678 894 2729 ss,cui
906 2695 913 2722 ι

351 2789 411 2823 cedite
420 2789 493 2824 Romoni
502 2789 601 2832 scriptores,
608 2787 666 2822 cedite
673 2789 719 2823 Graii
729 2800 733 2821 ι

371 2839 431 2874 lisseio
439 2840 481 2884 quid
489 2839 543 2880 malim
550 2839 627 2872 emelim
634 2837 692 2874 iliade.

200 2946 267 2993 utque
281 2948 386 2995 Augtutus
398 2943 466 2984 literis
478 2946 549 2984 eodem
563 2954 619 2984 snus
631 2953 668 2984 ιιι
682 2955 706 2985 er
719 2946 832 2987 Gmtebria
846 2949 903 2990 datis
916 2955 963 2992 tro.
983 2983 984 2993 ,
