<?xml version="1.0" encoding="UTF-8"?>
<!DOCTYPE html PUBLIC "-//W3C//DTD XHTML 1.0 Transitional//EN"
    "http://www.w3.org/TR/xhtml1/DTD/xhtml1-transitional.dtd">
<html xmlns="http://www.w3.org/1999/xhtml" xml:lang="en" lang="en">
 <head>
  <title>
</title>
<meta http-equiv="Content-Type" content="text/html;charset=utf-8" />
  <meta name='ocr-system' content='tesseract 3.04.00' />
  <meta name='ocr-capabilities' content='ocr_page ocr_carea ocr_par ocr_line ocrx_word'/>
</head>
<body>
  <div class='ocr_page' id='page_1' title='image "./publiivirgiliim00bondgoog/publiivirgiliim00bondgoog_0104.png"; bbox 0 0 2052 3274; ppageno 0'>
   <div class='ocr_carea' id='block_1_1' title="bbox 103 175 669 236">
    <p class='ocr_par' dir='ltr' id='par_1_1' title="bbox 103 175 669 236">
     <span class='ocr_line' id='line_1_1' title="bbox 103 175 669 236; baseline 0.055 -30"><span class='ocrx_word' id='word_1_1' title='bbox 103 175 187 216; x_wconf 68' lang='lat' dir='ltr'><strong>{sss-sul</strong></span> <span class='ocrx_word' id='word_1_2' title='bbox 333 182 517 228; x_wconf 78' lang='lat' dir='ltr'>GEORGICON</span> <span class='ocrx_word' id='word_1_3' title='bbox 534 193 624 234; x_wconf 77' lang='lat' dir='ltr'>LIBER</span> <span class='ocrx_word' id='word_1_4' title='bbox 639 200 669 236; x_wconf 85' lang='lat' dir='ltr'><strong>ll.</strong></span> 
     </span>
    </p>
   </div>
   <div class='ocr_carea' id='block_1_2' title="bbox 89 217 889 298">
    <p class='ocr_par' dir='ltr' id='par_1_2' title="bbox 89 217 889 298">
     <span class='ocr_line' id='line_1_2' title="bbox 863 217 886 254; baseline 0.13 -3"><span class='ocrx_word' id='word_1_5' title='bbox 863 217 886 254; x_wconf 78' lang='lat' dir='ltr'><strong>lt</strong></span> 
     </span>
     <span class='ocr_line' id='line_1_3' title="bbox 89 238 889 298; baseline 0.049 -39"><span class='ocrx_word' id='word_1_6' title='bbox 89 238 889 298; x_wconf 27' lang='lat' dir='ltr'><strong>Nm*</strong></span> 
     </span>
    </p>
   </div>
   <div class='ocr_carea' id='block_1_3' title="bbox 99 297 605 367">
    <p class='ocr_par' dir='ltr' id='par_1_3' title="bbox 99 297 605 367">
     <span class='ocr_line' id='line_1_4' title="bbox 99 297 605 367; baseline 0.049 -32"><span class='ocrx_word' id='word_1_7' title='bbox 99 297 168 338; x_wconf 87' lang='lat' dir='ltr'><strong>Saltus</strong></span> <span class='ocrx_word' id='word_1_8' title='bbox 177 303 200 340; x_wconf 87' lang='lat' dir='ltr'><strong>et</strong></span> <span class='ocrx_word' id='word_1_9' title='bbox 208 303 277 342; x_wconf 81' lang='lat' dir='ltr'><strong>saturi</strong></span> <span class='ocrx_word' id='word_1_10' title='bbox 287 305 354 352; x_wconf 83' lang='lat' dir='ltr'><strong>petito</strong></span> <span class='ocrx_word' id='word_1_11' title='bbox 364 307 498 361; x_wconf 73' lang='lat' dir='ltr'><strong>longinqua⁵⁹</strong></span> <span class='ocrx_word' id='word_1_12' title='bbox 508 317 605 367; x_wconf 77' lang='lat' dir='ltr'><strong>Tarenti,</strong></span> 
     </span>
    </p>
   </div>
   <div class='ocr_carea' id='block_1_4' title="bbox 98 357 617 482">
    <p class='ocr_par' dir='ltr' id='par_1_4' title="bbox 98 357 617 482">
     <span class='ocr_line' id='line_1_5' title="bbox 99 357 617 426; baseline 0.052 -33"><span class='ocrx_word' id='word_1_13' title='bbox 99 357 125 394; x_wconf 88' lang='lat' dir='ltr'><strong>Et</strong></span> <span class='ocrx_word' id='word_1_14' title='bbox 134 359 218 405; x_wconf 83' lang='lat' dir='ltr'><strong>qrmlem</strong></span> <span class='ocrx_word' id='word_1_15' title='bbox 226 360 301 401; x_wconf 74' lang='lat' dir='ltr'><strong>infelix</strong></span> <span class='ocrx_word' id='word_1_16' title='bbox 314 365 386 406; x_wconf 85' lang='lat' dir='ltr'><strong>amisit</strong></span> <span class='ocrx_word' id='word_1_17' title='bbox 396 371 481 412; x_wconf 83' lang='lat' dir='ltr'><strong>Mantua</strong></span> <span class='ocrx_word' id='word_1_18' title='bbox 492 385 587 424; x_wconf 89' lang='lat' dir='ltr'><strong>campum</strong></span> <span class='ocrx_word' id='word_1_19' title='bbox 592 374 617 426; x_wconf 78' lang='grc'><strong>77,</strong></span> 
     </span>
     <span class='ocr_line' id='line_1_6' title="bbox 98 414 613 482; baseline 0.047 -30"><span class='ocrx_word' id='word_1_20' title='bbox 98 414 219 457; x_wconf 82' lang='lat' dir='ltr'><strong>Pascentem</strong></span> <span class='ocrx_word' id='word_1_21' title='bbox 229 420 302 459; x_wconf 87' lang='lat' dir='ltr'><strong>niveos</strong></span> <span class='ocrx_word' id='word_1_22' title='bbox 313 423 400 465; x_wconf 87' lang='lat' dir='ltr'><strong>herboso</strong></span> <span class='ocrx_word' id='word_1_23' title='bbox 408 429 513 472; x_wconf 79' lang='lat' dir='ltr'><strong>flumine⁶¹</strong></span> <span class='ocrx_word' id='word_1_24' title='bbox 524 446 613 482; x_wconf 85' lang='lat' dir='ltr'><strong>cycnos:</strong></span> 
     </span>
    </p>
   </div>
   <div class='ocr_carea' id='block_1_5' title="bbox 98 473 701 548">
    <p class='ocr_par' dir='ltr' id='par_1_5' title="bbox 98 473 701 548">
     <span class='ocr_line' id='line_1_7' title="bbox 98 473 701 548; baseline 0.051 -39"><span class='ocrx_word' id='word_1_25' title='bbox 98 473 141 511; x_wconf 84' lang='lat' dir='ltr'><strong>Non</strong></span> <span class='ocrx_word' id='word_1_26' title='bbox 151 475 229 523; x_wconf 91' lang='lat' dir='ltr'><strong>liquidi</strong></span> <span class='ocrx_word' id='word_1_27' title='bbox 234 473 253 501; x_wconf 79' lang='lat'><strong>⁶²</strong></span> <span class='ocrx_word' id='word_1_28' title='bbox 262 481 361 528; x_wconf 79' lang='lat' dir='ltr'><strong>gregibus</strong></span> <span class='ocrx_word' id='word_1_29' title='bbox 370 485 435 526; x_wconf 77' lang='lat' dir='ltr'><strong>tontes</strong></span> <span class='ocrx_word' id='word_1_30' title='bbox 441 519 446 535; x_wconf 90' lang='lat'>,</span> <span class='ocrx_word' id='word_1_31' title='bbox 453 500 493 529; x_wconf 91' lang='lat' dir='ltr'><strong>non</strong></span> <span class='ocrx_word' id='word_1_32' title='bbox 503 495 597 540; x_wconf 79' lang='lat' dir='ltr'><strong>gramina</strong></span> <span class='ocrx_word' id='word_1_33' title='bbox 604 498 701 548; x_wconf 80' lang='lat' dir='ltr'><strong>deerunt;</strong></span> 
     </span>
    </p>
   </div>
   <div class='ocr_carea' id='block_1_6' title="bbox 78 530 696 2175">
    <p class='ocr_par' dir='ltr' id='par_1_6' title="bbox 97 530 625 602">
     <span class='ocr_line' id='line_1_8' title="bbox 97 530 625 602; baseline 0.051 -34"><span class='ocrx_word' id='word_1_34' title='bbox 97 530 122 568; x_wconf 90' lang='lat' dir='ltr'><strong>Et</strong></span> <span class='ocrx_word' id='word_1_35' title='bbox 131 537 236 579; x_wconf 78' lang='lat' dir='ltr'><strong>qnantum</strong></span> <span class='ocrx_word' id='word_1_36' title='bbox 247 535 340 585; x_wconf 68' lang='lat' dir='ltr'><strong>longisii</strong></span> <span class='ocrx_word' id='word_1_37' title='bbox 350 549 434 591; x_wconf 83' lang='lat' dir='ltr'>carpent</span> <span class='ocrx_word' id='word_1_38' title='bbox 443 555 534 589; x_wconf 79' lang='lat' dir='ltr'><strong>armcntn</strong></span> <span class='ocrx_word' id='word_1_39' title='bbox 544 553 625 602; x_wconf 87' lang='lat' dir='ltr'><strong>diebus,</strong></span> 
     </span>
    </p>

    <p class='ocr_par' dir='ltr' id='par_1_7' title="bbox 96 588 571 656">
     <span class='ocr_line' id='line_1_9' title="bbox 96 588 571 656; baseline 0.053 -31"><span class='ocrx_word' id='word_1_40' title='bbox 96 588 176 636; x_wconf 79' lang='lat' dir='ltr'><strong>Exigua</strong></span> <span class='ocrx_word' id='word_1_41' title='bbox 186 596 271 633; x_wconf 76' lang='lat' dir='ltr'><strong>tuntum</strong></span> <span class='ocrx_word' id='word_1_42' title='bbox 283 597 363 644; x_wconf 81' lang='lat' dir='ltr'><strong>gelidus</strong></span> <span class='ocrx_word' id='word_1_43' title='bbox 373 611 405 640; x_wconf 89' lang='lat' dir='ltr'><strong>ros</strong></span> <span class='ocrx_word' id='word_1_44' title='bbox 414 610 473 645; x_wconf 87' lang='lat' dir='ltr'><strong>nocte</strong></span> <span class='ocrx_word' id='word_1_45' title='bbox 481 615 571 656; x_wconf 77' lang='lat' dir='ltr'><strong>reponet.</strong></span> 
     </span>
    </p>

    <p class='ocr_par' dir='ltr' id='par_1_8' title="bbox 97 645 663 722">
     <span class='ocr_line' id='line_1_10' title="bbox 97 645 663 722; baseline 0.055 -39"><span class='ocrx_word' id='word_1_46' title='bbox 97 646 160 694; x_wconf 75' lang='lat' dir='ltr'><strong>Nigra</strong></span> <span class='ocrx_word' id='word_1_47' title='bbox 170 650 215 689; x_wconf 83' lang='lat' dir='ltr'><strong>iere</strong></span> <span class='ocrx_word' id='word_1_48' title='bbox 220 645 240 675; x_wconf 84' lang='lat'><strong>⁶⁴</strong></span> <span class='ocrx_word' id='word_1_49' title='bbox 250 657 272 692; x_wconf 91' lang='lat' dir='ltr'><strong>et</strong></span> <span class='ocrx_word' id='word_1_50' title='bbox 283 665 352 702; x_wconf 89' lang='lat' dir='ltr'><strong>presso</strong></span> <span class='ocrx_word' id='word_1_51' title='bbox 364 659 447 709; x_wconf 74' lang='lat' dir='ltr'><strong>pinguis</strong></span> <span class='ocrx_word' id='word_1_52' title='bbox 457 666 495 703; x_wconf 88' lang='lat' dir='ltr'><strong>snb</strong></span> <span class='ocrx_word' id='word_1_53' title='bbox 507 677 588 709; x_wconf 90' lang='lat' dir='ltr'><strong>vomere</strong></span> <span class='ocrx_word' id='word_1_54' title='bbox 597 676 663 722; x_wconf 81' lang='lat' dir='ltr'><strong>terro,</strong></span> 
     </span>
    </p>

    <p class='ocr_par' dir='ltr' id='par_1_9' title="bbox 95 704 696 781">
     <span class='ocr_line' id='line_1_11' title="bbox 95 704 696 781; baseline 0.055 -41"><span class='ocrx_word' id='word_1_55' title='bbox 95 704 121 741; x_wconf 85' lang='lat' dir='ltr'><strong>Et</strong></span> <span class='ocrx_word' id='word_1_56' title='bbox 131 706 166 744; x_wconf 90' lang='lat' dir='ltr'><strong>cui</strong></span> <span class='ocrx_word' id='word_1_57' title='bbox 181 713 244 754; x_wconf 91' lang='lat' dir='ltr'><strong>putre</strong></span> <span class='ocrx_word' id='word_1_58' title='bbox 253 713 319 751; x_wconf 86' lang='lat' dir='ltr'><strong>solum</strong></span> <span class='ocrx_word' id='word_1_59' title='bbox 331 713 407 764; x_wconf 81' lang='lat' dir='ltr'><strong>innmq</strong></span> <span class='ocrx_word' id='word_1_60' title='bbox 418 721 456 759; x_wconf 90' lang='lat' dir='ltr'><strong>hoc</strong></span> <span class='ocrx_word' id='word_1_61' title='bbox 465 723 594 765; x_wconf 78' lang='lat' dir='ltr'><strong>imitemur⁶⁵</strong></span> <span class='ocrx_word' id='word_1_62' title='bbox 601 731 696 781; x_wconf 77' lang='lat' dir='ltr'><strong>arundel,</strong></span> 
     </span>
    </p>

    <p class='ocr_par' dir='ltr' id='par_1_10' title="bbox 94 762 644 829">
     <span class='ocr_line' id='line_1_12' title="bbox 94 762 644 829; baseline 0.055 -32"><span class='ocrx_word' id='word_1_63' title='bbox 94 762 177 808; x_wconf 81' lang='lat' dir='ltr'><strong>Optima</strong></span> <span class='ocrx_word' id='word_1_64' title='bbox 187 767 299 808; x_wconf 81' lang='lat' dir='ltr'><strong>humentis</strong></span> <span class='ocrx_word' id='word_1_65' title='bbox 307 783 311 808; x_wconf 81' lang='lat' dir='ltr'><em>z</em></span> <span class='ocrx_word' id='word_1_66' title='bbox 319 782 361 812; x_wconf 89' lang='lat' dir='ltr'><strong>non</strong></span> <span class='ocrx_word' id='word_1_67' title='bbox 370 776 412 816; x_wconf 92' lang='lat' dir='ltr'><strong>ullo</strong></span> <span class='ocrx_word' id='word_1_68' title='bbox 421 788 445 817; x_wconf 87' lang='lat' dir='ltr'><strong>cr</strong></span> <span class='ocrx_word' id='word_1_69' title='bbox 460 791 540 829; x_wconf 89' lang='lat' dir='ltr'><strong>aequore</strong></span> <span class='ocrx_word' id='word_1_70' title='bbox 546 780 565 808; x_wconf 75' lang='lat'><strong>⁶⁶</strong></span> <span class='ocrx_word' id='word_1_71' title='bbox 573 797 644 827; x_wconf 87' lang='lat' dir='ltr'><strong>cernes</strong></span> 
     </span>
    </p>

    <p class='ocr_par' dir='ltr' id='par_1_11' title="bbox 95 820 674 896">
     <span class='ocr_line' id='line_1_13' title="bbox 95 820 674 896; baseline 0.052 -40"><span class='ocrx_word' id='word_1_72' title='bbox 95 820 155 860; x_wconf 84' lang='lat' dir='ltr'><strong>Plura</strong></span> <span class='ocrx_word' id='word_1_73' title='bbox 168 824 253 864; x_wconf 89' lang='lat' dir='ltr'><strong>domum</strong></span> <span class='ocrx_word' id='word_1_74' title='bbox 265 829 331 868; x_wconf 85' lang='lat' dir='ltr'><strong>tardis</strong></span> <span class='ocrx_word' id='word_1_75' title='bbox 341 832 459 875; x_wconf 77' lang='lat' dir='ltr'><strong>decedere⁶⁷</strong></span> <span class='ocrx_word' id='word_1_76' title='bbox 468 841 559 887; x_wconf 84' lang='lat' dir='ltr'><strong>plaustra</strong></span> <span class='ocrx_word' id='word_1_77' title='bbox 569 846 674 896; x_wconf 77' lang='lat' dir='ltr'><strong>juvencis;</strong></span> 
     </span>
    </p>

    <p class='ocr_par' dir='ltr' id='par_1_12' title="bbox 93 879 565 947">
     <span class='ocr_line' id='line_1_14' title="bbox 93 879 565 947; baseline 0.053 -32"><span class='ocrx_word' id='word_1_78' title='bbox 93 879 135 917; x_wconf 80' lang='lat' dir='ltr'><strong>Aut</strong></span> <span class='ocrx_word' id='word_1_79' title='bbox 144 879 224 921; x_wconf 78' lang='lat' dir='ltr'><strong>unde⁶⁸</strong></span> <span class='ocrx_word' id='word_1_80' title='bbox 236 885 303 925; x_wconf 85' lang='lat' dir='ltr'><strong>iratus</strong></span> <span class='ocrx_word' id='word_1_81' title='bbox 314 889 388 930; x_wconf 86' lang='lat' dir='ltr'><strong>silvam</strong></span> <span class='ocrx_word' id='word_1_82' title='bbox 397 894 478 935; x_wconf 84' lang='lat' dir='ltr'><strong>devenit</strong></span> <span class='ocrx_word' id='word_1_83' title='bbox 489 905 565 947; x_wconf 83' lang='lat' dir='ltr'><strong>orator,</strong></span> 
     </span>
    </p>

    <p class='ocr_par' dir='ltr' id='par_1_13' title="bbox 92 935 602 1007">
     <span class='ocr_line' id='line_1_15' title="bbox 92 935 602 1007; baseline 0.055 -35"><span class='ocrx_word' id='word_1_84' title='bbox 92 935 118 973; x_wconf 90' lang='lat' dir='ltr'><strong>Et</strong></span> <span class='ocrx_word' id='word_1_85' title='bbox 127 947 212 978; x_wconf 84' lang='lat' dir='ltr'><strong>nemora</strong></span> <span class='ocrx_word' id='word_1_86' title='bbox 225 945 300 983; x_wconf 87' lang='lat' dir='ltr'><strong>evertit</strong></span> <span class='ocrx_word' id='word_1_87' title='bbox 309 948 384 987; x_wconf 88' lang='lat' dir='ltr'><strong>multos</strong></span> <span class='ocrx_word' id='word_1_88' title='bbox 396 951 469 1000; x_wconf 81' lang='lat' dir='ltr'><strong>ignavo</strong></span> <span class='ocrx_word' id='word_1_89' title='bbox 479 967 516 1004; x_wconf 89' lang='lat' dir='ltr'><strong>per</strong></span> <span class='ocrx_word' id='word_1_90' title='bbox 526 969 602 1007; x_wconf 78' lang='lat' dir='ltr'><strong>annos,</strong></span> 
     </span>
    </p>

    <p class='ocr_par' dir='ltr' id='par_1_14' title="bbox 92 994 615 1062">
     <span class='ocr_line' id='line_1_16' title="bbox 92 994 615 1062; baseline 0.054 -32"><span class='ocrx_word' id='word_1_91' title='bbox 92 994 236 1046; x_wconf 70' lang='lat' dir='ltr'><strong>Antiquusque</strong></span> <span class='ocrx_word' id='word_1_92' title='bbox 244 1002 313 1041; x_wconf 90' lang='lat' dir='ltr'><strong>domos</strong></span> <span class='ocrx_word' id='word_1_93' title='bbox 322 1007 392 1046; x_wconf 86' lang='lat' dir='ltr'><strong>avium</strong></span> <span class='ocrx_word' id='word_1_94' title='bbox 404 1021 451 1050; x_wconf 85' lang='lat' dir='ltr'><strong>cum</strong></span> <span class='ocrx_word' id='word_1_95' title='bbox 460 1015 559 1062; x_wconf 82' lang='lat' dir='ltr'><strong>stirpibus</strong></span> <span class='ocrx_word' id='word_1_96' title='bbox 567 1018 615 1058; x_wconf 84' lang='lat' dir='ltr'><strong>imis</strong></span> 
     </span>
    </p>

    <p class='ocr_par' dir='ltr' id='par_1_15' title="bbox 92 1051 571 1122">
     <span class='ocr_line' id='line_1_17' title="bbox 92 1051 571 1122; baseline 0.056 -34"><span class='ocrx_word' id='word_1_97' title='bbox 92 1051 154 1091; x_wconf 88' lang='lat' dir='ltr'><strong>Eruit</strong></span> <span class='ocrx_word' id='word_1_98' title='bbox 163 1067 168 1092; x_wconf 76' lang='grc' dir='ltr'><strong><em>ε</em></strong></span> <span class='ocrx_word' id='word_1_99' title='bbox 178 1055 221 1095; x_wconf 84' lang='lat' dir='ltr'><strong>lllae</strong></span> <span class='ocrx_word' id='word_1_100' title='bbox 230 1059 294 1099; x_wconf 84' lang='lat' dir='ltr'><strong>altum</strong></span> <span class='ocrx_word' id='word_1_101' title='bbox 300 1057 318 1086; x_wconf 77' lang='lat'><strong>⁰⁹</strong></span> <span class='ocrx_word' id='word_1_102' title='bbox 329 1064 384 1104; x_wconf 87' lang='lat' dir='ltr'><strong>nidis</strong></span> <span class='ocrx_word' id='word_1_103' title='bbox 393 1070 471 1115; x_wconf 87' lang='lat' dir='ltr'><strong>potiere</strong></span> <span class='ocrx_word' id='word_1_104' title='bbox 481 1074 559 1114; x_wconf 88' lang='lat' dir='ltr'><strong>relictis</strong></span> <span class='ocrx_word' id='word_1_105' title='bbox 567 1090 571 1122; x_wconf 85' lang='lat'>;</span> 
     </span>
    </p>

    <p class='ocr_par' dir='ltr' id='par_1_16' title="bbox 90 1112 578 1182">
     <span class='ocr_line' id='line_1_18' title="bbox 90 1112 578 1182; baseline 0.055 -34"><span class='ocrx_word' id='word_1_106' title='bbox 90 1112 118 1148; x_wconf 85' lang='lat' dir='ltr'><strong>st</strong></span> <span class='ocrx_word' id='word_1_107' title='bbox 126 1115 185 1152; x_wconf 88' lang='lat' dir='ltr'><strong>rudis</strong></span> <span class='ocrx_word' id='word_1_108' title='bbox 194 1116 271 1156; x_wconf 85' lang='lat' dir='ltr'><strong>enituit</strong></span> <span class='ocrx_word' id='word_1_109' title='bbox 276 1115 293 1144; x_wconf 83' lang='lat'><strong>⁷⁰</strong></span> <span class='ocrx_word' id='word_1_110' title='bbox 301 1121 389 1170; x_wconf 88' lang='lat' dir='ltr'><strong>impulso</strong></span> <span class='ocrx_word' id='word_1_111' title='bbox 398 1138 479 1169; x_wconf 84' lang='lat' dir='ltr'><strong>vomere</strong></span> <span class='ocrx_word' id='word_1_112' title='bbox 487 1143 578 1182; x_wconf 78' lang='lat' dir='ltr'><strong>campus.</strong></span> 
     </span>
    </p>

    <p class='ocr_par' dir='ltr' id='par_1_17' title="bbox 90 1169 558 1232">
     <span class='ocr_line' id='line_1_19' title="bbox 90 1169 558 1232; baseline 0.06 -27"><span class='ocrx_word' id='word_1_113' title='bbox 90 1169 141 1207; x_wconf 86' lang='lat' dir='ltr'><strong>Nam</strong></span> <span class='ocrx_word' id='word_1_114' title='bbox 149 1174 221 1218; x_wconf 69' lang='lat' dir='ltr'><strong>jejuna</strong></span> <span class='ocrx_word' id='word_1_115' title='bbox 230 1177 312 1222; x_wconf 89' lang='lat' dir='ltr'><strong>quidem</strong></span> <span class='ocrx_word' id='word_1_116' title='bbox 321 1181 394 1222; x_wconf 84' lang='lat' dir='ltr'><strong>clivosi</strong></span> <span class='ocrx_word' id='word_1_117' title='bbox 403 1187 471 1232; x_wconf 78' lang='lat' dir='ltr'><strong>glarea</strong></span> <span class='ocrx_word' id='word_1_118' title='bbox 478 1185 492 1214; x_wconf 86' lang='lat'><strong>⁷¹</strong></span> <span class='ocrx_word' id='word_1_119' title='bbox 502 1193 558 1232; x_wconf 88' lang='lat' dir='ltr'><strong>ruris</strong></span> 
     </span>
    </p>

    <p class='ocr_par' dir='ltr' id='par_1_18' title="bbox 89 1227 654 1305">
     <span class='ocr_line' id='line_1_20' title="bbox 89 1227 654 1305; baseline 0.062 -42"><span class='ocrx_word' id='word_1_120' title='bbox 89 1227 129 1264; x_wconf 82' lang='lat' dir='ltr'><strong>Vix</strong></span> <span class='ocrx_word' id='word_1_121' title='bbox 140 1229 229 1270; x_wconf 81' lang='lat' dir='ltr'><strong>humiles</strong></span> <span class='ocrx_word' id='word_1_122' title='bbox 241 1235 313 1282; x_wconf 91' lang='lat' dir='ltr'><strong>upibns</strong></span> <span class='ocrx_word' id='word_1_123' title='bbox 323 1241 389 1280; x_wconf 84' lang='lat' dir='ltr'><strong>casias</strong></span> <span class='ocrx_word' id='word_1_124' title='bbox 396 1239 412 1267; x_wconf 86' lang='grc'><strong>77</strong></span> <span class='ocrx_word' id='word_1_125' title='bbox 421 1256 528 1297; x_wconf 88' lang='lat' dir='ltr'><strong>roremque</strong></span> <span class='ocrx_word' id='word_1_126' title='bbox 538 1254 654 1305; x_wconf 88' lang='lat' dir='ltr'><strong>ministrat;</strong></span> 
     </span>
    </p>

    <p class='ocr_par' dir='ltr' id='par_1_19' title="bbox 89 1280 598 1358">
     <span class='ocr_line' id='line_1_21' title="bbox 89 1280 598 1358; baseline 0.061 -37"><span class='ocrx_word' id='word_1_127' title='bbox 89 1284 117 1322; x_wconf 87' lang='lat' dir='ltr'><strong>Et</strong></span> <span class='ocrx_word' id='word_1_128' title='bbox 122 1280 140 1308; x_wconf 81' lang='lat'><strong>⁷³</strong></span> <span class='ocrx_word' id='word_1_129' title='bbox 149 1290 224 1334; x_wconf 78' lang='lat' dir='ltr'><strong>tophus</strong></span> <span class='ocrx_word' id='word_1_130' title='bbox 232 1294 309 1341; x_wconf 87' lang='lat' dir='ltr'><strong>scnber,</strong></span> <span class='ocrx_word' id='word_1_131' title='bbox 321 1302 342 1336; x_wconf 89' lang='lat' dir='ltr'><strong>et</strong></span> <span class='ocrx_word' id='word_1_132' title='bbox 351 1300 419 1348; x_wconf 79' lang='lat' dir='ltr'><strong>nigris</strong></span> <span class='ocrx_word' id='word_1_133' title='bbox 427 1313 486 1344; x_wconf 77' lang='lat' dir='ltr'><strong>exesa</strong></span> <span class='ocrx_word' id='word_1_134' title='bbox 495 1310 598 1358; x_wconf 83' lang='lat' dir='ltr'><strong>chelydris</strong></span> 
     </span>
    </p>

    <p class='ocr_par' dir='ltr' id='par_1_20' title="bbox 88 1343 594 1418">
     <span class='ocr_line' id='line_1_22' title="bbox 88 1343 594 1418; baseline 0.061 -39"><span class='ocrx_word' id='word_1_135' title='bbox 88 1343 152 1381; x_wconf 84' lang='lat' dir='ltr'><strong>creta</strong></span> <span class='ocrx_word' id='word_1_136' title='bbox 161 1353 235 1393; x_wconf 76' lang='lat' dir='ltr'><strong>negem</strong></span> <span class='ocrx_word' id='word_1_137' title='bbox 240 1345 257 1374; x_wconf 85' lang='lat'><strong>⁷⁴</strong></span> <span class='ocrx_word' id='word_1_138' title='bbox 266 1353 317 1392; x_wconf 84' lang='lat' dir='ltr'><strong>alios</strong></span> <span class='ocrx_word' id='word_1_139' title='bbox 329 1367 387 1404; x_wconf 84' lang='lat' dir='ltr'><strong>aequc</strong></span> <span class='ocrx_word' id='word_1_140' title='bbox 396 1365 524 1409; x_wconf 86' lang='lat' dir='ltr'><strong>serpentibus</strong></span> <span class='ocrx_word' id='word_1_141' title='bbox 534 1379 594 1418; x_wconf 75' lang='lat' dir='ltr'><strong>egros</strong></span> 
     </span>
    </p>

    <p class='ocr_par' dir='ltr' id='par_1_21' title="bbox 88 1401 642 1473">
     <span class='ocr_line' id='line_1_23' title="bbox 88 1401 642 1473; baseline 0.065 -37"><span class='ocrx_word' id='word_1_142' title='bbox 88 1401 175 1440; x_wconf 87' lang='lat' dir='ltr'><strong>Dulcem</strong></span> <span class='ocrx_word' id='word_1_143' title='bbox 187 1405 239 1446; x_wconf 87' lang='lat' dir='ltr'><strong>ierre</strong></span> <span class='ocrx_word' id='word_1_144' title='bbox 247 1410 316 1450; x_wconf 88' lang='lat' dir='ltr'><strong>cibum</strong></span> <span class='ocrx_word' id='word_1_145' title='bbox 329 1418 350 1453; x_wconf 88' lang='lat' dir='ltr'><strong>et</strong></span> <span class='ocrx_word' id='word_1_146' title='bbox 361 1426 434 1456; x_wconf 83' lang='lat' dir='ltr'><strong>curvas</strong></span> <span class='ocrx_word' id='word_1_147' title='bbox 444 1425 534 1468; x_wconf 81' lang='lat' dir='ltr'><strong>praebere</strong></span> <span class='ocrx_word' id='word_1_148' title='bbox 547 1429 642 1473; x_wconf 84' lang='lat' dir='ltr'><strong>latebras.</strong></span> 
     </span>
    </p>

    <p class='ocr_par' dir='ltr' id='par_1_22' title="bbox 86 1455 681 1542">
     <span class='ocr_line' id='line_1_24' title="bbox 86 1455 681 1542; baseline 0.062 -47"><span class='ocrx_word' id='word_1_149' title='bbox 86 1457 140 1506; x_wconf 74' lang='lat' dir='ltr'><strong>Quae</strong></span> <span class='ocrx_word' id='word_1_150' title='bbox 147 1455 164 1484; x_wconf 85' lang='lat'><strong>⁷⁵</strong></span> <span class='ocrx_word' id='word_1_151' title='bbox 172 1465 254 1506; x_wconf 84' lang='lat' dir='ltr'><strong>tenuem</strong></span> <span class='ocrx_word' id='word_1_152' title='bbox 264 1471 346 1510; x_wconf 82' lang='lat' dir='ltr'><strong>erhalnt</strong></span> <span class='ocrx_word' id='word_1_153' title='bbox 357 1475 451 1532; x_wconf 86' lang='lat' dir='ltr'><strong>nebulam</strong></span> <span class='ocrx_word' id='word_1_154' title='bbox 460 1481 566 1533; x_wconf 77' lang='lat' dir='ltr'><strong>firmosque</strong></span> <span class='ocrx_word' id='word_1_155' title='bbox 582 1491 681 1542; x_wconf 85' lang='lat' dir='ltr'><strong>volucres,</strong></span> 
     </span>
    </p>

    <p class='ocr_par' dir='ltr' id='par_1_23' title="bbox 84 1518 683 1600">
     <span class='ocr_line' id='line_1_25' title="bbox 84 1518 683 1600; baseline 0.062 -46"><span class='ocrx_word' id='word_1_156' title='bbox 84 1518 111 1555; x_wconf 85' lang='lat' dir='ltr'><strong>Et</strong></span> <span class='ocrx_word' id='word_1_157' title='bbox 120 1519 174 1559; x_wconf 83' lang='lat' dir='ltr'><strong>bibit</strong></span> <span class='ocrx_word' id='word_1_158' title='bbox 186 1523 282 1573; x_wconf 83' lang='lat' dir='ltr'><strong>humore,</strong></span> <span class='ocrx_word' id='word_1_159' title='bbox 293 1533 320 1574; x_wconf 84' lang='lat' dir='ltr'><strong>et,</strong></span> <span class='ocrx_word' id='word_1_160' title='bbox 330 1540 394 1577; x_wconf 87' lang='lat' dir='ltr'><strong>quum</strong></span> <span class='ocrx_word' id='word_1_161' title='bbox 402 1537 453 1582; x_wconf 83' lang='lat' dir='ltr'><strong>vult.</strong></span> <span class='ocrx_word' id='word_1_162' title='bbox 465 1549 489 1576; x_wconf 80' lang='lat' dir='ltr'><strong>ex</strong></span> <span class='ocrx_word' id='word_1_163' title='bbox 499 1552 520 1579; x_wconf 91' lang='lat' dir='ltr'><strong>se</strong></span> <span class='ocrx_word' id='word_1_164' title='bbox 530 1543 573 1591; x_wconf 83' lang='lat' dir='ltr'><strong>ipsa</strong></span> <span class='ocrx_word' id='word_1_165' title='bbox 583 1549 683 1600; x_wconf 90' lang='lat' dir='ltr'><strong>remittit;</strong></span> 
     </span>
    </p>

    <p class='ocr_par' dir='ltr' id='par_1_24' title="bbox 83 1575 609 1653">
     <span class='ocr_line' id='line_1_26' title="bbox 83 1575 609 1653; baseline 0.061 -41"><span class='ocrx_word' id='word_1_166' title='bbox 83 1575 178 1625; x_wconf 81' lang='lat' dir='ltr'><strong>Quaeque</strong></span> <span class='ocrx_word' id='word_1_167' title='bbox 189 1590 227 1620; x_wconf 89' lang='lat' dir='ltr'><strong>suo</strong></span> <span class='ocrx_word' id='word_1_168' title='bbox 235 1593 314 1632; x_wconf 85' lang='lat' dir='ltr'><strong>sempor</strong></span> <span class='ocrx_word' id='word_1_169' title='bbox 324 1588 397 1629; x_wconf 88' lang='lat' dir='ltr'><strong>viridis</strong></span> <span class='ocrx_word' id='word_1_170' title='bbox 407 1604 428 1631; x_wconf 93' lang='lat' dir='ltr'><strong>se</strong></span> <span class='ocrx_word' id='word_1_171' title='bbox 437 1599 529 1642; x_wconf 77' lang='lat' dir='ltr'><strong>gramine</strong></span> <span class='ocrx_word' id='word_1_172' title='bbox 538 1605 609 1653; x_wconf 83' lang='lat' dir='ltr'><strong>vestit,</strong></span> 
     </span>
    </p>

    <p class='ocr_par' dir='ltr' id='par_1_25' title="bbox 82 1635 589 1701">
     <span class='ocr_line' id='line_1_27' title="bbox 82 1635 589 1701; baseline 0.061 -30"><span class='ocrx_word' id='word_1_173' title='bbox 82 1635 123 1672; x_wconf 87' lang='lat' dir='ltr'><strong>Nec</strong></span> <span class='ocrx_word' id='word_1_174' title='bbox 131 1637 202 1676; x_wconf 74' lang='lat' dir='ltr'><strong>scabie</strong></span> <span class='ocrx_word' id='word_1_175' title='bbox 210 1644 230 1678; x_wconf 83' lang='lat' dir='ltr'><strong>et</strong></span> <span class='ocrx_word' id='word_1_176' title='bbox 237 1643 293 1682; x_wconf 80' lang='lat' dir='ltr'><strong>‘salsa</strong></span> <span class='ocrx_word' id='word_1_177' title='bbox 300 1639 317 1668; x_wconf 76' lang='grc'><strong>77</strong></span> <span class='ocrx_word' id='word_1_178' title='bbox 325 1646 381 1686; x_wconf 83' lang='lat' dir='ltr'><strong>laedit</strong></span> <span class='ocrx_word' id='word_1_179' title='bbox 393 1651 486 1700; x_wconf 84' lang='lat' dir='ltr'><strong>robigine</strong></span> <span class='ocrx_word' id='word_1_180' title='bbox 497 1657 573 1700; x_wconf 75' lang='lat' dir='ltr'><strong>ferrum</strong></span> <span class='ocrx_word' id='word_1_181' title='bbox 585 1675 589 1701; x_wconf 94' lang='lat'><strong>:</strong></span> 
     </span>
    </p>

    <p class='ocr_par' dir='ltr' id='par_1_26' title="bbox 82 1693 494 1761">
     <span class='ocr_line' id='line_1_28' title="bbox 82 1693 494 1761; baseline 0.056 -32"><span class='ocrx_word' id='word_1_182' title='bbox 82 1693 118 1731; x_wconf 85' lang='lat' dir='ltr'><strong>Illo</strong></span> <span class='ocrx_word' id='word_1_183' title='bbox 127 1694 167 1734; x_wconf 87' lang='lat' dir='ltr'><strong>tibi</strong></span> <span class='ocrx_word' id='word_1_184' title='bbox 181 1697 235 1737; x_wconf 87' lang='lat' dir='ltr'><strong>laetis</strong></span> <span class='ocrx_word' id='word_1_185' title='bbox 245 1700 323 1742; x_wconf 79' lang='lat' dir='ltr'><strong>intexet</strong></span> <span class='ocrx_word' id='word_1_186' title='bbox 332 1705 409 1746; x_wconf 87' lang='lat' dir='ltr'><strong>vitibus</strong></span> <span class='ocrx_word' id='word_1_187' title='bbox 419 1709 494 1761; x_wconf 89' lang='lat' dir='ltr'><strong>ulmos;</strong></span> 
     </span>
    </p>

    <p class='ocr_par' dir='ltr' id='par_1_27' title="bbox 80 1750 589 1816">
     <span class='ocr_line' id='line_1_29' title="bbox 80 1750 589 1816; baseline 0.057 -29"><span class='ocrx_word' id='word_1_188' title='bbox 80 1750 115 1789; x_wconf 87' lang='lat' dir='ltr'><strong>liin</strong></span> <span class='ocrx_word' id='word_1_189' title='bbox 125 1753 184 1791; x_wconf 84' lang='lat' dir='ltr'><strong>ternx</strong></span> <span class='ocrx_word' id='word_1_190' title='bbox 193 1756 238 1794; x_wconf 90' lang='lat' dir='ltr'><strong>oleo</strong></span> <span class='ocrx_word' id='word_1_191' title='bbox 244 1753 259 1781; x_wconf 91' lang='grc'><strong>77</strong></span> <span class='ocrx_word' id='word_1_192' title='bbox 268 1765 310 1808; x_wconf 87' lang='lat' dir='ltr'><strong>est;</strong></span> <span class='ocrx_word' id='word_1_193' title='bbox 326 1762 383 1802; x_wconf 83' lang='lat' dir='ltr'><strong>illum</strong></span> <span class='ocrx_word' id='word_1_194' title='bbox 392 1769 496 1815; x_wconf 86' lang='lat' dir='ltr'><strong>experiere</strong></span> <span class='ocrx_word' id='word_1_195' title='bbox 506 1775 589 1816; x_wconf 85' lang='lat' dir='ltr'><strong>colendo</strong></span> 
     </span>
    </p>

    <p class='ocr_par' dir='ltr' id='par_1_28' title="bbox 81 1809 629 1875">
     <span class='ocr_line' id='line_1_30' title="bbox 81 1809 629 1875; baseline 0.055 -30"><span class='ocrx_word' id='word_1_196' title='bbox 81 1809 105 1847; x_wconf 86' lang='lat' dir='ltr'><strong>Et</strong></span> <span class='ocrx_word' id='word_1_197' title='bbox 118 1809 225 1850; x_wconf 81' lang='lat' dir='ltr'><strong>tucitcm⁷⁸</strong></span> <span class='ocrx_word' id='word_1_198' title='bbox 234 1818 302 1862; x_wconf 87' lang='lat' dir='ltr'><strong>pecori</strong></span> <span class='ocrx_word' id='word_1_199' title='bbox 314 1823 335 1857; x_wconf 90' lang='lat' dir='ltr'><strong>et</strong></span> <span class='ocrx_word' id='word_1_200' title='bbox 344 1823 456 1868; x_wconf 87' lang='lat' dir='ltr'><strong>patientem</strong></span> <span class='ocrx_word' id='word_1_201' title='bbox 466 1832 555 1870; x_wconf 87' lang='lat' dir='ltr'><strong>vomeris</strong></span> <span class='ocrx_word' id='word_1_202' title='bbox 566 1837 629 1875; x_wconf 89' lang='lat' dir='ltr'><strong>unci:</strong></span> 
     </span>
    </p>

    <p class='ocr_par' dir='ltr' id='par_1_29' title="bbox 80 1867 570 1927">
     <span class='ocr_line' id='line_1_31' title="bbox 80 1867 570 1927; baseline 0.051 -23"><span class='ocrx_word' id='word_1_203' title='bbox 80 1867 147 1907; x_wconf 87' lang='lat' dir='ltr'><strong>Talem</strong></span> <span class='ocrx_word' id='word_1_204' title='bbox 156 1870 215 1909; x_wconf 85' lang='lat' dir='ltr'><strong>dives</strong></span> <span class='ocrx_word' id='word_1_205' title='bbox 224 1879 269 1913; x_wconf 81' lang='lat' dir='ltr'><strong>arnt</strong></span> <span class='ocrx_word' id='word_1_206' title='bbox 279 1877 347 1924; x_wconf 83' lang='lat' dir='ltr'><strong>Capua</strong></span> <span class='ocrx_word' id='word_1_207' title='bbox 356 1885 376 1918; x_wconf 93' lang='lat' dir='ltr'><strong>et</strong></span> <span class='ocrx_word' id='word_1_208' title='bbox 386 1882 453 1922; x_wconf 80' lang='lat' dir='ltr'><strong>vicina</strong></span> <span class='ocrx_word' id='word_1_209' title='bbox 469 1888 546 1927; x_wconf 90' lang='lat' dir='ltr'><strong>Vesevo</strong></span> <span class='ocrx_word' id='word_1_210' title='bbox 553 1885 570 1914; x_wconf 73' lang='lat'><strong>³⁹</strong></span> 
     </span>
    </p>

    <p class='ocr_par' dir='ltr' id='par_1_30' title="bbox 80 1926 675 2056">
     <span class='ocr_line' id='line_1_32' title="bbox 80 1926 644 1992; baseline 0.05 -30"><span class='ocrx_word' id='word_1_211' title='bbox 80 1926 118 1964; x_wconf 85' lang='lat' dir='ltr'><strong>Ora</strong></span> <span class='ocrx_word' id='word_1_212' title='bbox 125 1929 189 1976; x_wconf 75' lang='lat' dir='ltr'><strong>lugo,</strong></span> <span class='ocrx_word' id='word_1_213' title='bbox 199 1933 220 1968; x_wconf 88' lang='lat' dir='ltr'><strong>et</strong></span> <span class='ocrx_word' id='word_1_214' title='bbox 230 1933 300 1972; x_wconf 78' lang='lat' dir='ltr'><strong>vacuis</strong></span> <span class='ocrx_word' id='word_1_215' title='bbox 309 1936 417 1978; x_wconf 69' lang='lat' dir='ltr'><strong>dioninsii</strong></span> <span class='ocrx_word' id='word_1_216' title='bbox 425 1951 466 1982; x_wconf 92' lang='lat' dir='ltr'><strong>non</strong></span> <span class='ocrx_word' id='word_1_217' title='bbox 477 1955 547 1992; x_wconf 65' lang='lat' dir='ltr'><strong>aequus</strong></span> <span class='ocrx_word' id='word_1_218' title='bbox 556 1949 644 1991; x_wconf 86' lang='lat' dir='ltr'><strong>Acerris.</strong></span> 
     </span>
     <span class='ocr_line' id='line_1_33' title="bbox 104 1985 675 2056; baseline 0.054 -35"><span class='ocrx_word' id='word_1_219' title='bbox 104 1985 171 2032; x_wconf 80' lang='lat' dir='ltr'><strong>Nunc,</strong></span> <span class='ocrx_word' id='word_1_220' title='bbox 184 1997 225 2034; x_wconf 93' lang='lat' dir='ltr'><strong>quo</strong></span> <span class='ocrx_word' id='word_1_221' title='bbox 236 2000 316 2040; x_wconf 76' lang='lat' dir='ltr'><strong>quamq</strong></span> <span class='ocrx_word' id='word_1_222' title='bbox 324 1997 382 2035; x_wconf 89' lang='lat' dir='ltr'><strong>ruodo</strong></span> <span class='ocrx_word' id='word_1_223' title='bbox 389 2000 453 2044; x_wconf 89' lang='lat' dir='ltr'><strong>possis</strong></span> <span class='ocrx_word' id='word_1_224' title='bbox 463 2012 591 2056; x_wconf 77' lang='lat' dir='ltr'><strong>cognoscere,</strong></span> <span class='ocrx_word' id='word_1_225' title='bbox 601 2010 675 2052; x_wconf 83' lang='lat' dir='ltr'><strong>dicum.</strong></span> 
     </span>
    </p>

    <p class='ocr_par' dir='ltr' id='par_1_31' title="bbox 79 2039 612 2112">
     <span class='ocr_line' id='line_1_34' title="bbox 79 2039 612 2112; baseline 0.051 -34"><span class='ocrx_word' id='word_1_226' title='bbox 79 2039 148 2080; x_wconf 68' lang='lat' dir='ltr'><strong>haral*</strong></span> <span class='ocrx_word' id='word_1_227' title='bbox 159 2045 188 2082; x_wconf 90' lang='lat' dir='ltr'><strong>sit</strong></span> <span class='ocrx_word' id='word_1_228' title='bbox 198 2055 225 2084; x_wconf 82' lang='lat' dir='ltr'><strong>an</strong></span> <span class='ocrx_word' id='word_1_229' title='bbox 233 2058 294 2095; x_wconf 84' lang='lat' dir='ltr'><strong>snpra</strong></span> <span class='ocrx_word' id='word_1_230' title='bbox 304 2061 380 2092; x_wconf 87' lang='lat' dir='ltr'><strong>morem</strong></span> <span class='ocrx_word' id='word_1_231' title='bbox 390 2057 407 2094; x_wconf 91' lang='lat' dir='ltr'><strong>si</strong></span> <span class='ocrx_word' id='word_1_232' title='bbox 420 2059 481 2098; x_wconf 88' lang='lat' dir='ltr'><strong>densu</strong></span> <span class='ocrx_word' id='word_1_233' title='bbox 493 2063 596 2112; x_wconf 84' lang='lat' dir='ltr'><strong>requires¹</strong></span> <span class='ocrx_word' id='word_1_234' title='bbox 609 2101 612 2104; x_wconf 95' lang='lat'><strong>.</strong></span> 
     </span>
    </p>

    <p class='ocr_par' dir='ltr' id='par_1_32' title="bbox 78 2099 624 2175">
     <span class='ocr_line' id='line_1_35' title="bbox 78 2099 624 2175; baseline 0.055 -38"><span class='ocrx_word' id='word_1_235' title='bbox 78 2099 144 2140; x_wconf 79' lang='lat' dir='ltr'><strong>Altera</strong></span> <span class='ocrx_word' id='word_1_236' title='bbox 153 2103 265 2146; x_wconf 80' lang='lat' dir='ltr'><strong>frumentis</strong></span> <span class='ocrx_word' id='word_1_237' title='bbox 273 2110 371 2156; x_wconf 82' lang='lat' dir='ltr'><strong>quoniam</strong></span> <span class='ocrx_word' id='word_1_238' title='bbox 380 2114 446 2164; x_wconf 83' lang='lat' dir='ltr'><strong>iavet,</strong></span> <span class='ocrx_word' id='word_1_239' title='bbox 461 2119 525 2160; x_wconf 77' lang='lat' dir='ltr'><strong>alteru</strong></span> <span class='ocrx_word' id='word_1_240' title='bbox 535 2125 624 2175; x_wconf 79' lang='lat' dir='ltr'><strong>ltuccho¹</strong></span> 
     </span>
    </p>
   </div>
   <div class='ocr_carea' id='block_1_7' title="bbox 76 2221 529 2276">
    <p class='ocr_par' dir='ltr' id='par_1_33' title="bbox 76 2221 529 2276">
     <span class='ocr_line' id='line_1_36' title="bbox 76 2221 529 2276; baseline 0.051 -23"><span class='ocrx_word' id='word_1_241' title='bbox 76 2221 165 2257; x_wconf 83' lang='lat' dir='ltr'><strong>inutilibus</strong></span> <span class='ocrx_word' id='word_1_242' title='bbox 174 2231 192 2258; x_wconf 85' lang='lat' dir='ltr'><strong>et</strong></span> <span class='ocrx_word' id='word_1_243' title='bbox 199 2225 269 2268; x_wconf 67' lang='grc' dir='ltr'><em>Ῐςηανίι</em></span> <span class='ocrx_word' id='word_1_244' title='bbox 279 2239 370 2274; x_wconf 84' lang='lat' dir='ltr'><strong>occupato.</strong></span> <span class='ocrx_word' id='word_1_245' title='bbox 379 2254 397 2260; x_wconf 94' lang='lat'>—</span> <span class='ocrx_word' id='word_1_246' title='bbox 406 2242 425 2272; x_wconf 78' lang='lat' dir='ltr'><strong>do</strong></span> <span class='ocrx_word' id='word_1_247' title='bbox 434 2240 503 2276; x_wconf 80' lang='lat' dir='ltr'><strong>Acrem.</strong></span> <span class='ocrx_word' id='word_1_248' title='bbox 514 2261 529 2268; x_wconf 88' lang='lat'><em>-</em></span> 
     </span>
    </p>
   </div>
   <div class='ocr_carea' id='block_1_8' title="bbox 74 2263 671 2433">
    <p class='ocr_par' dir='ltr' id='par_1_34' title="bbox 74 2263 671 2433">
     <span class='ocr_line' id='line_1_37' title="bbox 75 2263 671 2326; baseline 0.055 -33"><span class='ocrx_word' id='word_1_249' title='bbox 75 2263 112 2295; x_wconf 90' lang='lat' dir='ltr'><strong>nius</strong></span> <span class='ocrx_word' id='word_1_250' title='bbox 117 2264 197 2306; x_wconf 85' lang='lat' dir='ltr'><strong>loquitur</strong></span> <span class='ocrx_word' id='word_1_251' title='bbox 205 2269 260 2309; x_wconf 78' lang='lat' dir='ltr'><strong>livii.</strong></span> <span class='ocrx_word' id='word_1_252' title='bbox 271 2273 287 2311; x_wconf 79' lang='lat'><strong>3)</strong></span> <span class='ocrx_word' id='word_1_253' title='bbox 294 2278 332 2312; x_wconf 83' lang='lat' dir='ltr'><strong>post</strong></span> <span class='ocrx_word' id='word_1_254' title='bbox 343 2285 429 2312; x_wconf 82' lang='lat' dir='ltr'><strong>vomerem</strong></span> <span class='ocrx_word' id='word_1_255' title='bbox 435 2281 529 2318; x_wconf 72' lang='lat' dir='ltr'><strong>surdescens.</strong></span> <span class='ocrx_word' id='word_1_256' title='bbox 540 2305 554 2310; x_wconf 99' lang='lat'>-</span> <span class='ocrx_word' id='word_1_257' title='bbox 565 2292 581 2320; x_wconf 83' lang='lat' dir='ltr'><strong>lt</strong></span> <span class='ocrx_word' id='word_1_258' title='bbox 591 2291 648 2325; x_wconf 84' lang='lat' dir='ltr'><strong>Solum</strong></span> <span class='ocrx_word' id='word_1_259' title='bbox 666 2295 671 2326; x_wconf 94' lang='lat' dir='ltr'><strong>l</strong></span> 
     </span>
     <span class='ocr_line' id='line_1_38' title="bbox 75 2301 665 2374; baseline 0.056 -41"><span class='ocrx_word' id='word_1_260' title='bbox 75 2301 136 2344; x_wconf 86' lang='lat' dir='ltr'><strong>losum,</strong></span> <span class='ocrx_word' id='word_1_261' title='bbox 145 2307 275 2349; x_wconf 56' lang='lat' dir='ltr'><strong>cutenorum,</strong></span> <span class='ocrx_word' id='word_1_262' title='bbox 284 2322 341 2354; x_wconf 88' lang='lat' dir='ltr'><strong>eoquo</strong></span> <span class='ocrx_word' id='word_1_263' title='bbox 351 2325 378 2348; x_wconf 82' lang='lat' dir='ltr'><strong>nra</strong></span> <span class='ocrx_word' id='word_1_264' title='bbox 391 2319 404 2350; x_wconf 87' lang='lat' dir='ltr'><strong>&#39;s</strong></span> <span class='ocrx_word' id='word_1_265' title='bbox 413 2321 426 2352; x_wconf 93' lang='lat' dir='ltr'><strong>si</strong></span> <span class='ocrx_word' id='word_1_266' title='bbox 434 2321 517 2356; x_wconf 86' lang='lat' dir='ltr'><strong>clivosum</strong></span> <span class='ocrx_word' id='word_1_267' title='bbox 527 2336 556 2359; x_wconf 86' lang='lat' dir='ltr'><strong>rus</strong></span> <span class='ocrx_word' id='word_1_268' title='bbox 566 2335 601 2366; x_wconf 83' lang='lat' dir='ltr'><strong>est.</strong></span> <span class='ocrx_word' id='word_1_269' title='bbox 612 2338 631 2364; x_wconf 79' lang='lat' dir='ltr'><strong>ut</strong></span> <span class='ocrx_word' id='word_1_270' title='bbox 642 2304 665 2374; x_wconf 55' lang='lat' dir='ltr'><strong>pf</strong></span> 
     </span>
     <span class='ocr_line' id='line_1_39' title="bbox 74 2348 647 2406; baseline 0.054 -32"><span class='ocrx_word' id='word_1_271' title='bbox 74 2348 201 2390; x_wconf 32' lang='lat' dir='ltr'><strong>quenulstatlrn</strong></span> <span class='ocrx_word' id='word_1_272' title='bbox 210 2349 311 2386; x_wconf 75' lang='lat' dir='ltr'><strong>delabente.</strong></span> <span class='ocrx_word' id='word_1_273' title='bbox 319 2372 336 2378; x_wconf 93' lang='lat'><em>-</em></span> <span class='ocrx_word' id='word_1_274' title='bbox 347 2359 365 2388; x_wconf 79' lang='lat' dir='ltr'><strong>lt</strong></span> <span class='ocrx_word' id='word_1_275' title='bbox 387 2359 411 2393; x_wconf 83' lang='lat' dir='ltr'><strong>ld.</strong></span> <span class='ocrx_word' id='word_1_276' title='bbox 419 2360 459 2394; x_wconf 83' lang='lat' dir='ltr'><strong>Ecl.</strong></span> <span class='ocrx_word' id='word_1_277' title='bbox 468 2366 493 2401; x_wconf 87' lang='lat' dir='ltr'><strong>lt.</strong></span> <span class='ocrx_word' id='word_1_278' title='bbox 502 2372 539 2400; x_wconf 90' lang='lat' dir='ltr'><strong>not.</strong></span> <span class='ocrx_word' id='word_1_279' title='bbox 549 2371 574 2401; x_wconf 80' lang='lat' dir='ltr'><strong>lo.</strong></span> <span class='ocrx_word' id='word_1_280' title='bbox 585 2371 647 2406; x_wconf 77' lang='lat' dir='ltr'><strong>liorem</strong></span> 
     </span>
     <span class='ocr_line' id='line_1_40' title="bbox 74 2391 452 2433; baseline 0.053 -19"><span class='ocrx_word' id='word_1_281' title='bbox 74 2391 156 2419; x_wconf 81' lang='lat' dir='ltr'><strong>mmurrn.</strong></span> <span class='ocrx_word' id='word_1_282' title='bbox 168 2405 187 2410; x_wconf 95' lang='lat'>—</span> <span class='ocrx_word' id='word_1_283' title='bbox 201 2392 220 2422; x_wconf 78' lang='lat'><strong>7³</strong></span> <span class='ocrx_word' id='word_1_284' title='bbox 229 2391 291 2423; x_wconf 77' lang='lat' dir='ltr'><strong>Seruus</strong></span> <span class='ocrx_word' id='word_1_285' title='bbox 302 2395 354 2428; x_wconf 84' lang='lat' dir='ltr'><strong>trium</strong></span> <span class='ocrx_word' id='word_1_286' title='bbox 362 2407 452 2433; x_wconf 87' lang='lat' dir='ltr'><strong>versuum·</strong></span> 
     </span>
    </p>
   </div>
   <div class='ocr_carea' id='block_1_9' title="bbox 707 327 885 1857">
    <p class='ocr_par' dir='ltr' id='par_1_35' title="bbox 707 327 885 1857">
     <span class='ocr_line' id='line_1_41' title="bbox 743 327 885 372; baseline 0.056 -16"><span class='ocrx_word' id='word_1_287' title='bbox 743 327 885 372; x_wconf 70' lang='lat' dir='ltr'><strong>tsLocalongiu·</strong></span> 
     </span>
     <span class='ocr_line' id='line_1_42' title="bbox 732 371 880 410; baseline 0.061 -13"><span class='ocrx_word' id='word_1_288' title='bbox 732 371 880 410; x_wconf 71' lang='lat' dir='ltr'><strong>qus.egrosion-</strong></span> 
     </span>
     <span class='ocr_line' id='line_1_43' title="bbox 729 413 883 486; baseline 0.071 -11"><span class='ocrx_word' id='word_1_289' title='bbox 729 413 883 486; x_wconf 59' lang='lat' dir='ltr'><strong>sedullus</strong></span> 
     </span>
     <span class='ocr_line' id='line_1_44' title="bbox 728 487 877 525; baseline 0.067 -9"><span class='ocrx_word' id='word_1_290' title='bbox 728 487 769 518; x_wconf 87' lang='lat' dir='ltr'><strong>sitos</strong></span> <span class='ocrx_word' id='word_1_291' title='bbox 776 489 845 523; x_wconf 82' lang='lat' dir='ltr'><strong>&#39;rur-enti</strong></span> <span class='ocrx_word' id='word_1_292' title='bbox 858 502 877 525; x_wconf 89' lang='lat' dir='ltr'><strong>u·</strong></span> 
     </span>
     <span class='ocr_line' id='line_1_45' title="bbox 729 524 879 565; baseline 0.06 -9"><span class='ocrx_word' id='word_1_293' title='bbox 729 524 799 560; x_wconf 81' lang='lat' dir='ltr'><strong>bos-rimi</strong></span> <span class='ocrx_word' id='word_1_294' title='bbox 806 536 823 563; x_wconf 88' lang='lat' dir='ltr'><strong>et</strong></span> <span class='ocrx_word' id='word_1_295' title='bbox 831 533 879 565; x_wconf 88' lang='lat' dir='ltr'><strong>omui</strong></span> 
     </span>
     <span class='ocr_line' id='line_1_46' title="bbox 727 574 879 614; baseline 0.053 -17"><span class='ocrx_word' id='word_1_296' title='bbox 727 574 844 605; x_wconf 86' lang='lat' dir='ltr'><strong>proventuum</strong></span> <span class='ocrx_word' id='word_1_297' title='bbox 849 582 879 614; x_wconf 73' lang='lat' dir='ltr'><strong>ge-</strong></span> 
     </span>
     <span class='ocr_line' id='line_1_47' title="bbox 727 610 878 645; baseline 0.066 -9"><span class='ocrx_word' id='word_1_298' title='bbox 727 615 770 639; x_wconf 88' lang='lat' dir='ltr'><strong>uerc</strong></span> <span class='ocrx_word' id='word_1_299' title='bbox 787 610 878 645; x_wconf 81' lang='lat' dir='ltr'><strong>abundun-</strong></span> 
     </span>
     <span class='ocr_line' id='line_1_48' title="bbox 726 647 878 686; baseline 0.059 -9"><span class='ocrx_word' id='word_1_300' title='bbox 726 647 752 678; x_wconf 90' lang='lat' dir='ltr'><strong>tls.</strong></span> <span class='ocrx_word' id='word_1_301' title='bbox 761 664 778 671; x_wconf 97' lang='lat'>—</span> <span class='ocrx_word' id='word_1_302' title='bbox 786 654 805 683; x_wconf 76' lang='lat' dir='ltr'><strong>do</strong></span> <span class='ocrx_word' id='word_1_303' title='bbox 813 652 878 686; x_wconf 80' lang='lat' dir='ltr'><strong>Utnsr·</strong></span> 
     </span>
     <span class='ocr_line' id='line_1_49' title="bbox 725 691 876 733; baseline 0.053 -15"><span class='ocrx_word' id='word_1_304' title='bbox 725 693 781 720; x_wconf 81' lang='lat' dir='ltr'><strong>ralrsns</strong></span> <span class='ocrx_word' id='word_1_305' title='bbox 793 691 812 722; x_wconf 91' lang='lat' dir='ltr'><strong>in</strong></span> <span class='ocrx_word' id='word_1_306' title='bbox 823 701 876 733; x_wconf 72' lang='lat' dir='ltr'><strong>arqu-</strong></span> 
     </span>
     <span class='ocr_line' id='line_1_50' title="bbox 725 730 876 774; baseline 0.046 -15"><span class='ocrx_word' id='word_1_307' title='bbox 725 730 787 761; x_wconf 80' lang='lat' dir='ltr'><strong>mentis</strong></span> <span class='ocrx_word' id='word_1_308' title='bbox 803 731 876 774; x_wconf 70' lang='lat' dir='ltr'><strong>licioqu-</strong></span> 
     </span>
     <span class='ocr_line' id='line_1_51' title="bbox 724 771 875 805; baseline 0.02 -6"><span class='ocrx_word' id='word_1_309' title='bbox 724 771 875 805; x_wconf 55' lang='lat' dir='ltr'><strong>mmletlx„</strong></span> 
     </span>
     <span class='ocr_line' id='line_1_52' title="bbox 724 810 873 849; baseline 0.06 -11"><span class='ocrx_word' id='word_1_310' title='bbox 724 811 741 840; x_wconf 75' lang='lat' dir='ltr'><strong>ss</strong></span> <span class='ocrx_word' id='word_1_311' title='bbox 749 810 821 849; x_wconf 64' lang='lat' dir='ltr'><strong>lilinum</strong></span> <span class='ocrx_word' id='word_1_312' title='bbox 828 815 873 848; x_wconf 89' lang='lat' dir='ltr'><strong>coni.</strong></span> 
     </span>
     <span class='ocr_line' id='line_1_53' title="bbox 723 847 873 887; baseline 0.047 -7"><span class='ocrx_word' id='word_1_313' title='bbox 723 847 762 887; x_wconf 73' lang='lat' dir='ltr'><strong>Eu.</strong></span> <span class='ocrx_word' id='word_1_314' title='bbox 769 851 798 886; x_wconf 85' lang='lat' dir='ltr'><strong>tx,</strong></span> <span class='ocrx_word' id='word_1_315' title='bbox 804 857 840 884; x_wconf 89' lang='lat' dir='ltr'><strong>not.</strong></span> <span class='ocrx_word' id='word_1_316' title='bbox 848 858 873 887; x_wconf 86' lang='lat' dir='ltr'><strong>ao.</strong></span> 
     </span>
     <span class='ocr_line' id='line_1_54' title="bbox 723 890 873 932; baseline 0.053 -14"><span class='ocrx_word' id='word_1_317' title='bbox 723 904 742 910; x_wconf 88' lang='lat'><em>-</em></span> <span class='ocrx_word' id='word_1_318' title='bbox 757 893 776 920; x_wconf 74' lang='lat'><strong>6¹2</strong></span> <span class='ocrx_word' id='word_1_319' title='bbox 792 890 873 932; x_wconf 85' lang='lat' dir='ltr'><strong>Lirnpidi.</strong></span> 
     </span>
     <span class='ocr_line' id='line_1_55' title="bbox 722 927 873 964; baseline 0.046 -7"><span class='ocrx_word' id='word_1_320' title='bbox 722 927 761 958; x_wconf 70' lang='lat' dir='ltr'><strong>idox</strong></span> <span class='ocrx_word' id='word_1_321' title='bbox 769 930 831 962; x_wconf 85' lang='lat' dir='ltr'><strong>scnnda</strong></span> <span class='ocrx_word' id='word_1_322' title='bbox 841 932 873 964; x_wconf 78' lang='lat' dir='ltr'><strong>dc*-</strong></span> 
     </span>
     <span class='ocr_line' id='line_1_56' title="bbox 722 971 873 1005; baseline 0.06 -9"><span class='ocrx_word' id='word_1_323' title='bbox 722 971 817 1002; x_wconf 77' lang='lat' dir='ltr'><strong>rnnt.-63</strong></span> <span class='ocrx_word' id='word_1_324' title='bbox 825 973 873 1005; x_wconf 83' lang='lat' dir='ltr'><strong>AEsli·</strong></span> 
     </span>
     <span class='ocr_line' id='line_1_57' title="bbox 721 1009 873 1052; baseline 0.053 -15"><span class='ocrx_word' id='word_1_325' title='bbox 721 1009 752 1040; x_wconf 90' lang='lat' dir='ltr'><strong>vis.</strong></span> <span class='ocrx_word' id='word_1_326' title='bbox 764 1010 809 1048; x_wconf 78' lang='lat' dir='ltr'><strong>Quos</strong></span> <span class='ocrx_word' id='word_1_327' title='bbox 816 1013 873 1052; x_wconf 88' lang='lat' dir='ltr'><strong>sequi-</strong></span> 
     </span>
     <span class='ocr_line' id='line_1_58' title="bbox 721 1051 872 1087; baseline 0.046 -8"><span class='ocrx_word' id='word_1_328' title='bbox 721 1052 750 1080; x_wconf 88' lang='lat' dir='ltr'><strong>tur</strong></span> <span class='ocrx_word' id='word_1_329' title='bbox 761 1058 796 1082; x_wconf 81' lang='lat' dir='ltr'><strong>isox</strong></span> <span class='ocrx_word' id='word_1_330' title='bbox 808 1051 872 1087; x_wconf 87' lang='lat' dir='ltr'><strong>brevis.</strong></span> 
     </span>
     <span class='ocr_line' id='line_1_59' title="bbox 720 1090 871 1134; baseline 0.046 -15"><span class='ocrx_word' id='word_1_331' title='bbox 720 1090 871 1134; x_wconf 75' lang='lat' dir='ltr'><strong>—atl’ierurnque</strong></span> 
     </span>
     <span class='ocr_line' id='line_1_60' title="bbox 719 1131 871 1170; baseline 0.053 -11"><span class='ocrx_word' id='word_1_332' title='bbox 719 1134 754 1170; x_wconf 86' lang='lat' dir='ltr'><strong>est,</strong></span> <span class='ocrx_word' id='word_1_333' title='bbox 762 1131 789 1162; x_wconf 82' lang='lat' dir='ltr'><strong>vel</strong></span> <span class='ocrx_word' id='word_1_334' title='bbox 796 1141 832 1166; x_wconf 84' lang='lat' dir='ltr'><strong>esse</strong></span> <span class='ocrx_word' id='word_1_335' title='bbox 840 1143 871 1166; x_wconf 86' lang='lat' dir='ltr'><strong>so·-</strong></span> 
     </span>
     <span class='ocr_line' id='line_1_61' title="bbox 719 1168 870 1211; baseline 0.053 -12"><span class='ocrx_word' id='word_1_336' title='bbox 719 1168 836 1211; x_wconf 77' lang='lat' dir='ltr'><strong>les,opu&#39;ma.·</strong></span> <span class='ocrx_word' id='word_1_337' title='bbox 844 1175 870 1206; x_wconf 60' lang='lat' dir='ltr'><strong>vim</strong></span> 
     </span>
     <span class='ocr_line' id='line_1_62' title="bbox 716 1208 868 1254; baseline 0.046 -14"><span class='ocrx_word' id='word_1_338' title='bbox 716 1208 779 1244; x_wconf 84' lang='lat' dir='ltr'><strong>delicet</strong></span> <span class='ocrx_word' id='word_1_339' title='bbox 797 1215 868 1254; x_wconf 84' lang='lat' dir='ltr'><strong>quando</strong></span> 
     </span>
     <span class='ocr_line' id='line_1_63' title="bbox 716 1249 866 1292; baseline 0.053 -12"><span class='ocrx_word' id='word_1_340' title='bbox 716 1249 799 1292; x_wconf 87' lang='lat' dir='ltr'><strong>impresso</strong></span> <span class='ocrx_word' id='word_1_341' title='bbox 807 1264 866 1288; x_wconf 80' lang='lat' dir='ltr'><strong>vome·</strong></span> 
     </span>
     <span class='ocr_line' id='line_1_64' title="bbox 716 1295 867 1327; baseline 0.04 -5"><span class='ocrx_word' id='word_1_342' title='bbox 716 1298 735 1322; x_wconf 81' lang='lat' dir='ltr'><strong>re</strong></span> <span class='ocrx_word' id='word_1_343' title='bbox 758 1302 767 1324; x_wconf 92' lang='lat' dir='ltr'><strong>c</strong></span> <span class='ocrx_word' id='word_1_344' title='bbox 790 1295 867 1327; x_wconf 85' lang='lat' dir='ltr'><strong>noscitur</strong></span> 
     </span>
     <span class='ocr_line' id='line_1_65' title="bbox 714 1335 867 1375; baseline 0.052 -14"><span class='ocrx_word' id='word_1_345' title='bbox 714 1338 751 1362; x_wconf 85' lang='lat' dir='ltr'><strong>esse</strong></span> <span class='ocrx_word' id='word_1_346' title='bbox 765 1335 836 1375; x_wconf 70' lang='lat' dir='ltr'><strong>pnguis</strong></span> <span class='ocrx_word' id='word_1_347' title='bbox 849 1342 867 1369; x_wconf 88' lang='lat' dir='ltr'><strong>et</strong></span> 
     </span>
     <span class='ocr_line' id='line_1_66' title="bbox 714 1373 866 1410; baseline 0.039 -8"><span class='ocrx_word' id='word_1_348' title='bbox 714 1373 770 1410; x_wconf 89' lang='lat' dir='ltr'><strong>putris</strong></span> <span class='ocrx_word' id='word_1_349' title='bbox 776 1375 812 1405; x_wconf 88' lang='lat' dir='ltr'><strong>sive</strong></span> <span class='ocrx_word' id='word_1_350' title='bbox 820 1385 866 1407; x_wconf 85' lang='lat' dir='ltr'><strong>reso-</strong></span> 
     </span>
     <span class='ocr_line' id='line_1_67' title="bbox 714 1411 864 1448; baseline 0.06 -7"><span class='ocrx_word' id='word_1_351' title='bbox 714 1411 755 1448; x_wconf 85' lang='lat' dir='ltr'><strong>luta.</strong></span> <span class='ocrx_word' id='word_1_352' title='bbox 767 1417 834 1447; x_wconf 77' lang='lat' dir='ltr'><strong>tonera.</strong></span> <span class='ocrx_word' id='word_1_353' title='bbox 846 1432 864 1439; x_wconf 94' lang='lat'><em>—</em></span> 
     </span>
     <span class='ocr_line' id='line_1_68' title="bbox 713 1452 865 1487; baseline 0.039 -5"><span class='ocrx_word' id='word_1_354' title='bbox 713 1454 733 1482; x_wconf 78' lang='lat' dir='ltr'><strong>ts</strong></span> <span class='ocrx_word' id='word_1_355' title='bbox 744 1452 813 1486; x_wconf 76' lang='lat' dir='ltr'><strong>hiando</strong></span> <span class='ocrx_word' id='word_1_356' title='bbox 825 1455 865 1487; x_wconf 84' lang='lat' dir='ltr'><strong>elli·</strong></span> 
     </span>
     <span class='ocr_line' id='line_1_69' title="bbox 712 1495 864 1529; baseline 0.053 -8"><span class='ocrx_word' id='word_1_357' title='bbox 712 1499 752 1523; x_wconf 84' lang='lat' dir='ltr'><strong>cere</strong></span> <span class='ocrx_word' id='word_1_358' title='bbox 776 1495 864 1529; x_wconf 73' lang='lat' dir='ltr'><strong>studemus</strong></span> 
     </span>
     <span class='ocr_line' id='line_1_70' title="bbox 712 1535 863 1573; baseline 0.046 -12"><span class='ocrx_word' id='word_1_359' title='bbox 712 1535 731 1562; x_wconf 91' lang='lat' dir='ltr'><strong>ut</strong></span> <span class='ocrx_word' id='word_1_360' title='bbox 741 1539 794 1573; x_wconf 85' lang='lat' dir='ltr'><strong>putre</strong></span> <span class='ocrx_word' id='word_1_361' title='bbox 803 1535 824 1567; x_wconf 85' lang='lat' dir='ltr'><strong>sit</strong></span> <span class='ocrx_word' id='word_1_362' title='bbox 834 1545 863 1568; x_wconf 87' lang='lat' dir='ltr'><strong>so·</strong></span> 
     </span>
     <span class='ocr_line' id='line_1_71' title="bbox 711 1570 862 1609; baseline 0.053 -7"><span class='ocrx_word' id='word_1_363' title='bbox 711 1570 862 1609; x_wconf 67' lang='lat' dir='ltr'><strong>lom-socan·</strong></span> 
     </span>
     <span class='ocr_line' id='line_1_72' title="bbox 711 1619 859 1656; baseline 0.047 -13"><span class='ocrx_word' id='word_1_364' title='bbox 711 1619 859 1656; x_wconf 82' lang='lat' dir='ltr'><strong>po,nrvo;v.l‚</strong></span> 
     </span>
     <span class='ocr_line' id='line_1_73' title="bbox 712 1659 860 1690; baseline 0.041 -6"><span class='ocrx_word' id='word_1_365' title='bbox 712 1659 749 1686; x_wconf 84' lang='lat' dir='ltr'><strong>not.</strong></span> <span class='ocrx_word' id='word_1_366' title='bbox 766 1659 791 1688; x_wconf 77' lang='lat'><strong>⁵2.</strong></span> <span class='ocrx_word' id='word_1_367' title='bbox 808 1673 825 1680; x_wconf 90' lang='lat'><em>—</em></span> <span class='ocrx_word' id='word_1_368' title='bbox 842 1661 860 1690; x_wconf 82' lang='grc'><strong>67</strong></span> 
     </span>
     <span class='ocr_line' id='line_1_74' title="bbox 709 1694 860 1734; baseline 0.033 -10"><span class='ocrx_word' id='word_1_369' title='bbox 709 1694 773 1727; x_wconf 84' lang='lat' dir='ltr'><strong>Devehi</strong></span> <span class='ocrx_word' id='word_1_370' title='bbox 781 1705 790 1727; x_wconf 86' lang='lat' dir='ltr'><strong>n</strong></span> <span class='ocrx_word' id='word_1_371' title='bbox 795 1696 860 1734; x_wconf 76' lang='lat' dir='ltr'><strong>iuven·</strong></span> 
     </span>
     <span class='ocr_line' id='line_1_75' title="bbox 709 1734 860 1778; baseline 0.053 -14"><span class='ocrx_word' id='word_1_372' title='bbox 709 1734 732 1765; x_wconf 87' lang='lat' dir='ltr'><strong>ais</strong></span> <span class='ocrx_word' id='word_1_373' title='bbox 741 1734 800 1767; x_wconf 80' lang='lat' dir='ltr'><strong>turdis</strong></span> <span class='ocrx_word' id='word_1_374' title='bbox 805 1760 811 1777; x_wconf 82' lang='lat'><em>,</em></span> <span class='ocrx_word' id='word_1_375' title='bbox 819 1739 860 1778; x_wconf 83' lang='lat' dir='ltr'><strong>quio</strong></span> 
     </span>
     <span class='ocr_line' id='line_1_76' title="bbox 707 1773 860 1811; baseline 0.052 -7"><span class='ocrx_word' id='word_1_376' title='bbox 707 1773 860 1811; x_wconf 81' lang='lat' dir='ltr'><strong>vuidecruntone·</strong></span> 
     </span>
     <span class='ocr_line' id='line_1_77' title="bbox 707 1819 859 1857; baseline 0.046 -13"><span class='ocrx_word' id='word_1_377' title='bbox 707 1819 744 1846; x_wconf 85' lang='lat' dir='ltr'><strong>rato</strong></span> <span class='ocrx_word' id='word_1_378' title='bbox 763 1825 802 1857; x_wconf 85' lang='lat' dir='ltr'><strong>quse</strong></span> <span class='ocrx_word' id='word_1_379' title='bbox 822 1823 859 1850; x_wconf 92' lang='lat' dir='ltr'><strong>tra-</strong></span> 
     </span>
    </p>
   </div>
   <div class='ocr_carea' id='block_1_10' title="bbox 708 1854 916 1900">
    <p class='ocr_par' dir='ltr' id='par_1_36' title="bbox 708 1854 916 1900">
     <span class='ocr_line' id='line_1_78' title="bbox 708 1854 916 1900; baseline 0.043 -16"><span class='ocrx_word' id='word_1_380' title='bbox 708 1854 752 1886; x_wconf 89' lang='lat' dir='ltr'><strong>hunt</strong></span> <span class='ocrx_word' id='word_1_381' title='bbox 776 1855 857 1900; x_wconf 80' lang='lat' dir='ltr'><strong>platutrn.</strong></span> <span class='ocrx_word' id='word_1_382' title='bbox 912 1856 916 1868; x_wconf 90' lang='lat'>&#39;</span> 
     </span>
    </p>
   </div>
   <div class='ocr_carea' id='block_1_11' title="bbox 700 1892 857 2252">
    <p class='ocr_par' dir='ltr' id='par_1_37' title="bbox 700 1892 857 2252">
     <span class='ocr_line' id='line_1_79' title="bbox 706 1892 857 1937; baseline 0.04 -13"><span class='ocrx_word' id='word_1_383' title='bbox 706 1892 857 1937; x_wconf 77' lang='lat' dir='ltr'><strong>Jrsvencrsdntlvo.</strong></span> 
     </span>
     <span class='ocr_line' id='line_1_80' title="bbox 706 1941 856 1972; baseline 0.033 -9"><span class='ocrx_word' id='word_1_384' title='bbox 706 1941 763 1972; x_wconf 80' lang='lat' dir='ltr'><strong>graeco</strong></span> <span class='ocrx_word' id='word_1_385' title='bbox 773 1944 828 1968; x_wconf 88' lang='lat' dir='ltr'><strong>more.</strong></span> <span class='ocrx_word' id='word_1_386' title='bbox 837 1954 856 1962; x_wconf 96' lang='lat'><em>-</em></span> 
     </span>
     <span class='ocr_line' id='line_1_81' title="bbox 706 1974 856 2016; baseline 0.033 -12"><span class='ocrx_word' id='word_1_387' title='bbox 706 1976 724 2005; x_wconf 82' lang='lat' dir='ltr'><strong>ds</strong></span> <span class='ocrx_word' id='word_1_388' title='bbox 730 1974 763 2006; x_wconf 78' lang='lat' dir='ltr'><strong>hut</strong></span> <span class='ocrx_word' id='word_1_389' title='bbox 768 1975 798 2006; x_wconf 89' lang='lat' dir='ltr'><strong>illa</strong></span> <span class='ocrx_word' id='word_1_390' title='bbox 803 1980 856 2016; x_wconf 81' lang='lat' dir='ltr'><strong>terra,</strong></span> 
     </span>
     <span class='ocr_line' id='line_1_82' title="bbox 704 2015 856 2055; baseline 0.039 -11"><span class='ocrx_word' id='word_1_391' title='bbox 704 2021 727 2045; x_wconf 85' lang='lat' dir='ltr'><strong>ex</strong></span> <span class='ocrx_word' id='word_1_392' title='bbox 738 2023 772 2055; x_wconf 87' lang='lat' dir='ltr'><strong>qua</strong></span> <span class='ocrx_word' id='word_1_393' title='bbox 781 2015 856 2050; x_wconf 82' lang='lat' dir='ltr'><strong>eradica-</strong></span> 
     </span>
     <span class='ocr_line' id='line_1_83' title="bbox 704 2056 855 2089; baseline 0.033 -4"><span class='ocrx_word' id='word_1_394' title='bbox 704 2057 739 2086; x_wconf 85' lang='lat' dir='ltr'><strong>tnm</strong></span> <span class='ocrx_word' id='word_1_395' title='bbox 750 2056 811 2087; x_wconf 90' lang='lat' dir='ltr'><strong>silvurn</strong></span> <span class='ocrx_word' id='word_1_396' title='bbox 823 2056 855 2089; x_wconf 87' lang='lat' dir='ltr'><strong>de-</strong></span> 
     </span>
     <span class='ocr_line' id='line_1_84' title="bbox 703 2095 853 2137; baseline 0.027 -11"><span class='ocrx_word' id='word_1_397' title='bbox 703 2095 751 2128; x_wconf 81' lang='lat' dir='ltr'><strong>vexit</strong></span> <span class='ocrx_word' id='word_1_398' title='bbox 760 2095 835 2137; x_wconf 71' lang='lat' dir='ltr'><strong>agricolis</strong></span> <span class='ocrx_word' id='word_1_399' title='bbox 848 2108 853 2130; x_wconf 78' lang='lat' dir='ltr'><strong>s</strong></span> 
     </span>
     <span class='ocr_line' id='line_1_85' title="bbox 702 2135 853 2175; baseline 0.046 -10"><span class='ocrx_word' id='word_1_400' title='bbox 702 2135 749 2175; x_wconf 87' lang='lat' dir='ltr'><strong>quod</strong></span> <span class='ocrx_word' id='word_1_401' title='bbox 756 2142 816 2170; x_wconf 81' lang='lat' dir='ltr'><strong>vocam</strong></span> <span class='ocrx_word' id='word_1_402' title='bbox 822 2147 853 2171; x_wconf 86' lang='lat' dir='ltr'><strong>uo·</strong></span> 
     </span>
     <span class='ocr_line' id='line_1_86' title="bbox 701 2176 851 2212; baseline 0.033 -5"><span class='ocrx_word' id='word_1_403' title='bbox 701 2179 748 2209; x_wconf 82' lang='lat' dir='ltr'><strong>vale.</strong></span> <span class='ocrx_word' id='word_1_404' title='bbox 759 2176 821 2211; x_wconf 82' lang='lat' dir='ltr'><strong>Iratus</strong></span> <span class='ocrx_word' id='word_1_405' title='bbox 829 2179 851 2212; x_wconf 88' lang='lat' dir='ltr'><strong>de</strong></span> 
     </span>
     <span class='ocr_line' id='line_1_87' title="bbox 700 2217 851 2252; baseline 0.033 -4"><span class='ocrx_word' id='word_1_406' title='bbox 700 2217 747 2250; x_wconf 88' lang='lat' dir='ltr'><strong>bono</strong></span> <span class='ocrx_word' id='word_1_407' title='bbox 758 2218 795 2250; x_wconf 90' lang='lat' dir='ltr'><strong>solo</strong></span> <span class='ocrx_word' id='word_1_408' title='bbox 803 2219 851 2252; x_wconf 88' lang='lat' dir='ltr'><strong>silvis</strong></span> 
     </span>
    </p>
   </div>
   <div class='ocr_carea' id='block_1_12' title="bbox 448 2248 852 2460">
    <p class='ocr_par' dir='ltr' id='par_1_38' title="bbox 448 2248 852 2460">
     <span class='ocr_line' id='line_1_88' title="bbox 541 2248 852 2299; baseline 0.051 -21"><span class='ocrx_word' id='word_1_409' title='bbox 541 2250 559 2280; x_wconf 75' lang='lat' dir='ltr'><strong>lt</strong></span> <span class='ocrx_word' id='word_1_410' title='bbox 567 2248 608 2282; x_wconf 81' lang='lat' dir='ltr'><strong>iiam</strong></span> <span class='ocrx_word' id='word_1_411' title='bbox 619 2253 685 2292; x_wconf 86' lang='lat' dir='ltr'><strong>optimu</strong></span> <span class='ocrx_word' id='word_1_412' title='bbox 692 2260 738 2290; x_wconf 87' lang='lat' dir='ltr'><strong>terra</strong></span> <span class='ocrx_word' id='word_1_413' title='bbox 746 2260 804 2299; x_wconf 73' lang='lat' dir='ltr'><strong>estius</strong></span> <span class='ocrx_word' id='word_1_414' title='bbox 816 2262 852 2293; x_wconf 87' lang='lat' dir='ltr'><strong>Pil-</strong></span> 
     </span>
     <span class='ocr_line' id='line_1_89' title="bbox 672 2299 850 2332; baseline 0.034 -5"><span class='ocrx_word' id='word_1_415' title='bbox 672 2305 750 2331; x_wconf 85' lang='lat' dir='ltr'><strong>nreosuns</strong></span> <span class='ocrx_word' id='word_1_416' title='bbox 757 2299 793 2332; x_wconf 89' lang='lat' dir='ltr'><strong>sive</strong></span> <span class='ocrx_word' id='word_1_417' title='bbox 799 2301 850 2332; x_wconf 83' lang='lat' dir='ltr'><strong>sabu-</strong></span> 
     </span>
     <span class='ocr_line' id='line_1_90' title="bbox 661 2337 849 2380; baseline 0.037 -14"><span class='ocrx_word' id='word_1_418' title='bbox 661 2337 714 2370; x_wconf 87' lang='lat' dir='ltr'><strong>uviali</strong></span> <span class='ocrx_word' id='word_1_419' title='bbox 723 2349 768 2380; x_wconf 76' lang='lat' dir='ltr'><strong>nque</strong></span> <span class='ocrx_word' id='word_1_420' title='bbox 775 2340 808 2372; x_wconf 85' lang='lat' dir='ltr'><strong>irui</strong></span> <span class='ocrx_word' id='word_1_421' title='bbox 816 2350 849 2372; x_wconf 88' lang='lat' dir='ltr'><strong>ne·</strong></span> 
     </span>
     <span class='ocr_line' id='line_1_91' title="bbox 656 2378 849 2421; baseline 0.036 -14"><span class='ocrx_word' id='word_1_422' title='bbox 656 2378 743 2418; x_wconf 83' lang='lat' dir='ltr'><strong>marinum</strong></span> <span class='ocrx_word' id='word_1_423' title='bbox 752 2404 756 2417; x_wconf 90' lang='grc'><strong>,</strong></span> <span class='ocrx_word' id='word_1_424' title='bbox 764 2381 849 2421; x_wconf 81' lang='lat' dir='ltr'><strong>hodieque</strong></span> 
     </span>
     <span class='ocr_line' id='line_1_92' title="bbox 448 2406 847 2460; baseline 0.048 -26"><span class='ocrx_word' id='word_1_425' title='bbox 448 2423 451 2432; x_wconf 92' lang='lat'><em>.</em></span> <span class='ocrx_word' id='word_1_426' title='bbox 462 2406 527 2438; x_wconf 79' lang='lat' dir='ltr'><strong>·Tcrra</strong></span> <span class='ocrx_word' id='word_1_427' title='bbox 538 2411 620 2450; x_wconf 79' lang='lat' dir='ltr'><strong>topbncen</strong></span> <span class='ocrx_word' id='word_1_428' title='bbox 632 2420 650 2446; x_wconf 84' lang='lat' dir='ltr'><strong>et</strong></span> <span class='ocrx_word' id='word_1_429' title='bbox 662 2423 726 2451; x_wconf 83' lang='lat' dir='ltr'><strong>cretosa</strong></span> <span class='ocrx_word' id='word_1_430' title='bbox 737 2421 847 2460; x_wconf 81' lang='lat' dir='ltr'><strong>serpentibus</strong></span> 
     </span>
    </p>
   </div>
   <div class='ocr_carea' id='block_1_13' title="bbox 74 2426 848 2500">
    <p class='ocr_par' dir='ltr' id='par_1_39' title="bbox 74 2426 848 2500">
     <span class='ocr_line' id='line_1_93' title="bbox 74 2426 848 2500; baseline 0.05 -46"><span class='ocrx_word' id='word_1_431' title='bbox 74 2426 146 2457; x_wconf 84' lang='lat' dir='ltr'><strong>omniurn</strong></span> <span class='ocrx_word' id='word_1_432' title='bbox 154 2433 196 2460; x_wconf 85' lang='lat' dir='ltr'><strong>esta</strong></span> <span class='ocrx_word' id='word_1_433' title='bbox 211 2431 281 2466; x_wconf 83' lang='lat' dir='ltr'><strong>sissimo.</strong></span> <span class='ocrx_word' id='word_1_434' title='bbox 287 2447 294 2460; x_wconf 85' lang='lat'><strong>·</strong></span> <span class='ocrx_word' id='word_1_435' title='bbox 304 2434 327 2466; x_wconf 82' lang='lat' dir='ltr'><strong>lta</strong></span> <span class='ocrx_word' id='word_1_436' title='bbox 335 2441 470 2474; x_wconf 82' lang='lat' dir='ltr'><strong>commendatam</strong></span> <span class='ocrx_word' id='word_1_437' title='bbox 476 2448 550 2486; x_wconf 80' lang='lat' dir='ltr'><strong>agricola</strong></span> <span class='ocrx_word' id='word_1_438' title='bbox 556 2451 658 2486; x_wconf 83' lang='lat' dir='ltr'><strong>truuddnbic</strong></span> <span class='ocrx_word' id='word_1_439' title='bbox 663 2463 768 2491; x_wconf 80' lang='lat' dir='ltr'><strong>contemnet.</strong></span> <span class='ocrx_word' id='word_1_440' title='bbox 773 2459 848 2500; x_wconf 82' lang='lat' dir='ltr'><strong>Scaser,</strong></span> 
     </span>
    </p>
   </div>
   <div class='ocr_carea' id='block_1_14' title="bbox 73 2505 598 2609">
    <p class='ocr_par' dir='ltr' id='par_1_40' title="bbox 73 2505 598 2609">
     <span class='ocr_line' id='line_1_94' title="bbox 73 2505 265 2544; baseline 0.057 -11"><span class='ocrx_word' id='word_1_441' title='bbox 73 2505 134 2538; x_wconf 82' lang='lat' dir='ltr'><strong>smniai</strong></span> <span class='ocrx_word' id='word_1_442' title='bbox 148 2517 172 2540; x_wconf 78' lang='lat' dir='ltr'><strong>sae</strong></span> <span class='ocrx_word' id='word_1_443' title='bbox 179 2511 206 2541; x_wconf 81' lang='lat' dir='ltr'><strong>hae</strong></span> <span class='ocrx_word' id='word_1_444' title='bbox 213 2516 265 2544; x_wconf 84' lang='lat' dir='ltr'><strong>terrae</strong></span> 
     </span>
     <span class='ocr_line' id='line_1_95' title="bbox 73 2517 598 2609; baseline 0.055 -34"><span class='ocrx_word' id='word_1_445' title='bbox 73 2549 88 2574; x_wconf 87' lang='lat' dir='ltr'><strong>et</strong></span> <span class='ocrx_word' id='word_1_446' title='bbox 95 2517 181 2581; x_wconf 57' lang='lat' dir='ltr'><strong>domicilia</strong></span> <span class='ocrx_word' id='word_1_447' title='bbox 192 2552 274 2591; x_wconf 81' lang='lat' dir='ltr'><strong>praebere</strong></span> <span class='ocrx_word' id='word_1_448' title='bbox 285 2557 401 2596; x_wconf 84' lang='lat' dir='ltr'><strong>serpentibus.</strong></span> <span class='ocrx_word' id='word_1_449' title='bbox 408 2579 427 2586; x_wconf 90' lang='lat'><em>-</em></span> <span class='ocrx_word' id='word_1_450' title='bbox 438 2566 456 2596; x_wconf 73' lang='lat'><strong>75</strong></span> <span class='ocrx_word' id='word_1_451' title='bbox 463 2565 508 2598; x_wconf 81' lang='lat' dir='ltr'><strong>Hinc</strong></span> <span class='ocrx_word' id='word_1_452' title='bbox 519 2568 598 2609; x_wconf 84' lang='lat' dir='ltr'><strong>docetur,</strong></span> 
     </span>
    </p>
   </div>
   <div class='ocr_carea' id='block_1_15' title="bbox 73 2467 847 2618">
    <p class='ocr_par' dir='ltr' id='par_1_41' title="bbox 73 2467 847 2618">
     <span class='ocr_line' id='line_1_96' title="bbox 73 2467 847 2546; baseline 0.049 -51"><span class='ocrx_word' id='word_1_453' title='bbox 73 2471 125 2504; x_wconf 86' lang='lat' dir='ltr'><strong>asper.</strong></span> <span class='ocrx_word' id='word_1_454' title='bbox 130 2467 189 2507; x_wconf 61' lang='lat' dir='ltr'><strong>Chele</strong></span> <span class='ocrx_word' id='word_1_455' title='bbox 203 2478 240 2510; x_wconf 76' lang='lat' dir='ltr'><strong>rus,</strong></span> <span class='ocrx_word' id='word_1_456' title='bbox 246 2481 319 2546; x_wconf 41' lang='lat' dir='ltr'><strong>suffiscus</strong></span> <span class='ocrx_word' id='word_1_457' title='bbox 325 2485 422 2512; x_wconf 89' lang='lat' dir='ltr'><strong>venenosus</strong></span> <span class='ocrx_word' id='word_1_458' title='bbox 429 2487 446 2514; x_wconf 85' lang='lat' dir='ltr'><strong>et</strong></span> <span class='ocrx_word' id='word_1_459' title='bbox 453 2487 496 2518; x_wconf 86' lang='lat' dir='ltr'><strong>eutis</strong></span> <span class='ocrx_word' id='word_1_460' title='bbox 503 2487 583 2522; x_wconf 77' lang='lat' dir='ltr'><strong>durioris.</strong></span> <span class='ocrx_word' id='word_1_461' title='bbox 590 2508 608 2515; x_wconf 96' lang='lat'><em>-</em></span> <span class='ocrx_word' id='word_1_462' title='bbox 617 2496 633 2524; x_wconf 83' lang='lat' dir='ltr'><strong>ll</strong></span> <span class='ocrx_word' id='word_1_463' title='bbox 642 2495 710 2528; x_wconf 79' lang='lat' dir='ltr'><strong>Pontica</strong></span> <span class='ocrx_word' id='word_1_464' title='bbox 717 2507 749 2530; x_wconf 84' lang='lat' dir='ltr'><strong>nec</strong></span> <span class='ocrx_word' id='word_1_465' title='bbox 755 2499 791 2530; x_wconf 85' lang='lat' dir='ltr'><strong>sine</strong></span> <span class='ocrx_word' id='word_1_466' title='bbox 798 2501 847 2534; x_wconf 73' lang='lat' dir='ltr'><strong>stravi</strong></span> 
     </span>
     <span class='ocr_line' id='line_1_97' title="bbox 74 2502 846 2573; baseline 0.051 -39"><span class='ocrx_word' id='word_1_467' title='bbox 74 2502 77 2509; x_wconf 75' lang='grc'><strong>’</strong></span> <span class='ocrx_word' id='word_1_468' title='bbox 285 2521 362 2556; x_wconf 74' lang='lat' dir='ltr'><strong>ngunlur</strong></span> <span class='ocrx_word' id='word_1_469' title='bbox 369 2518 445 2559; x_wconf 77' lang='lat' dir='ltr'><strong>gloriari,</strong></span> <span class='ocrx_word' id='word_1_470' title='bbox 453 2532 470 2555; x_wconf 87' lang='lat' dir='ltr'><strong>se</strong></span> <span class='ocrx_word' id='word_1_471' title='bbox 477 2535 514 2566; x_wconf 75' lang='lat' dir='ltr'><strong>pras</strong></span> <span class='ocrx_word' id='word_1_472' title='bbox 524 2529 562 2560; x_wconf 85' lang='lat' dir='ltr'><strong>nilis</strong></span> <span class='ocrx_word' id='word_1_473' title='bbox 568 2532 618 2563; x_wconf 85' lang='lat' dir='ltr'><strong>terris</strong></span> <span class='ocrx_word' id='word_1_474' title='bbox 626 2535 705 2568; x_wconf 84' lang='lat' dir='ltr'><strong>omnibus</strong></span> <span class='ocrx_word' id='word_1_475' title='bbox 712 2536 781 2570; x_wconf 85' lang='lat' dir='ltr'><strong>dulcem</strong></span> <span class='ocrx_word' id='word_1_476' title='bbox 788 2539 846 2573; x_wconf 89' lang='lat' dir='ltr'><strong>cibum</strong></span> 
     </span>
     <span class='ocr_line' id='line_1_98' title="bbox 607 2574 845 2618; baseline 0.038 -15"><span class='ocrx_word' id='word_1_477' title='bbox 607 2574 654 2612; x_wconf 89' lang='lat' dir='ltr'><strong>qnod</strong></span> <span class='ocrx_word' id='word_1_478' title='bbox 663 2583 717 2615; x_wconf 76' lang='lat' dir='ltr'><strong>genus</strong></span> <span class='ocrx_word' id='word_1_479' title='bbox 728 2578 764 2618; x_wconf 72' lang='lat' dir='ltr'><strong>apri</strong></span> <span class='ocrx_word' id='word_1_480' title='bbox 773 2579 845 2618; x_wconf 82' lang='lat' dir='ltr'><strong>vinetis,</strong></span> 
     </span>
    </p>
   </div>
   <div class='ocr_carea' id='block_1_16' title="bbox 71 2584 846 2696">
    <p class='ocr_par' dir='ltr' id='par_1_42' title="bbox 71 2584 846 2696">
     <span class='ocr_line' id='line_1_99' title="bbox 72 2584 846 2657; baseline 0.05 -43"><span class='ocrx_word' id='word_1_481' title='bbox 72 2584 139 2623; x_wconf 85' lang='lat' dir='ltr'><strong>olivetis.</strong></span> <span class='ocrx_word' id='word_1_482' title='bbox 147 2588 240 2623; x_wconf 74' lang='lat' dir='ltr'><strong>insulensis</strong></span> <span class='ocrx_word' id='word_1_483' title='bbox 247 2597 266 2624; x_wconf 86' lang='lat' dir='ltr'><strong>et</strong></span> <span class='ocrx_word' id='word_1_484' title='bbox 272 2596 339 2635; x_wconf 79' lang='lat' dir='ltr'><strong>pascuis</strong></span> <span class='ocrx_word' id='word_1_485' title='bbox 346 2598 368 2630; x_wconf 82' lang='lat' dir='ltr'><strong>sit</strong></span> <span class='ocrx_word' id='word_1_486' title='bbox 375 2603 464 2642; x_wconf 79' lang='lat' dir='ltr'><strong>aequaliter</strong></span> <span class='ocrx_word' id='word_1_487' title='bbox 470 2606 557 2642; x_wconf 87' lang='lat' dir='ltr'><strong>idoneum.</strong></span> <span class='ocrx_word' id='word_1_488' title='bbox 569 2611 664 2645; x_wconf 79' lang='lat' dir='ltr'><strong>Prsesonlns</strong></span> <span class='ocrx_word' id='word_1_489' title='bbox 672 2615 689 2646; x_wconf 96' lang='lat' dir='ltr'><strong>in</strong></span> <span class='ocrx_word' id='word_1_490' title='bbox 701 2615 801 2657; x_wconf 77' lang='lat' dir='ltr'><strong>Campania</strong></span> <span class='ocrx_word' id='word_1_491' title='bbox 808 2620 846 2653; x_wconf 87' lang='lat' dir='ltr'><strong>solo</strong></span> 
     </span>
     <span class='ocr_line' id='line_1_100' title="bbox 71 2625 844 2696; baseline 0.049 -41"><span class='ocrx_word' id='word_1_492' title='bbox 71 2625 183 2661; x_wconf 80' lang='lat' dir='ltr'><strong>observantur</strong></span> <span class='ocrx_word' id='word_1_493' title='bbox 193 2639 234 2672; x_wconf 80' lang='lat' dir='ltr'><strong>quae</strong></span> <span class='ocrx_word' id='word_1_494' title='bbox 245 2640 298 2674; x_wconf 87' lang='lat' dir='ltr'><strong>poeto</strong></span> <span class='ocrx_word' id='word_1_495' title='bbox 309 2636 337 2668; x_wconf 88' lang='lat' dir='ltr'><strong>hic</strong></span> <span class='ocrx_word' id='word_1_496' title='bbox 348 2642 425 2680; x_wconf 78' lang='lat' dir='ltr'><strong>exponit.</strong></span> <span class='ocrx_word' id='word_1_497' title='bbox 433 2661 451 2668; x_wconf 87' lang='lat'><em>-</em></span> <span class='ocrx_word' id='word_1_498' title='bbox 463 2649 482 2676; x_wconf 82' lang='lat' dir='ltr'><strong>lo</strong></span> <span class='ocrx_word' id='word_1_499' title='bbox 494 2648 578 2690; x_wconf 77' lang='lat' dir='ltr'><strong>llobigine</strong></span> <span class='ocrx_word' id='word_1_500' title='bbox 589 2661 629 2692; x_wconf 76' lang='lat' dir='ltr'><strong>quae</strong></span> <span class='ocrx_word' id='word_1_501' title='bbox 638 2661 660 2684; x_wconf 82' lang='lat' dir='ltr'><strong>ex</strong></span> <span class='ocrx_word' id='word_1_502' title='bbox 670 2656 754 2688; x_wconf 75' lang='lat' dir='ltr'><strong>salsedine</strong></span> <span class='ocrx_word' id='word_1_503' title='bbox 764 2659 844 2696; x_wconf 82' lang='lat' dir='ltr'><strong>nnsaitur.</strong></span> 
     </span>
    </p>
   </div>
   <div class='ocr_carea' id='block_1_17' title="bbox 70 2668 844 2782">
    <p class='ocr_par' dir='ltr' id='par_1_43' title="bbox 70 2668 844 2782">
     <span class='ocr_line' id='line_1_101' title="bbox 73 2668 844 2740; baseline 0.051 -44"><span class='ocrx_word' id='word_1_504' title='bbox 73 2681 87 2688; x_wconf 91' lang='lat'><em>-</em></span> <span class='ocrx_word' id='word_1_505' title='bbox 96 2669 111 2697; x_wconf 82' lang='lat' dir='ltr'><strong>li</strong></span> <span class='ocrx_word' id='word_1_506' title='bbox 121 2668 191 2702; x_wconf 73' lang='lat' dir='ltr'><strong>bativus</strong></span> <span class='ocrx_word' id='word_1_507' title='bbox 199 2681 203 2702; x_wconf 90' lang='lat'>:</span> <span class='ocrx_word' id='word_1_508' title='bbox 212 2672 234 2704; x_wconf 88' lang='lat' dir='ltr'><strong>sd</strong></span> <span class='ocrx_word' id='word_1_509' title='bbox 242 2674 301 2706; x_wconf 88' lang='lat' dir='ltr'><strong>oicurn</strong></span> <span class='ocrx_word' id='word_1_510' title='bbox 309 2678 419 2718; x_wconf 71' lang='lat' dir='ltr'><strong>gignendum.</strong></span> <span class='ocrx_word' id='word_1_511' title='bbox 426 2701 443 2707; x_wconf 96' lang='lat'><em>-</em></span> <span class='ocrx_word' id='word_1_512' title='bbox 454 2689 471 2717; x_wconf 80' lang='lat' dir='ltr'><strong>is</strong></span> <span class='ocrx_word' id='word_1_513' title='bbox 479 2688 532 2720; x_wconf 80' lang='lat' dir='ltr'><strong>Facile</strong></span> <span class='ocrx_word' id='word_1_514' title='bbox 539 2691 647 2730; x_wconf 73' lang='lat' dir='ltr'><strong>praebentem</strong></span> <span class='ocrx_word' id='word_1_515' title='bbox 654 2695 743 2735; x_wconf 83' lang='lat' dir='ltr'><strong>pabulum.</strong></span> <span class='ocrx_word' id='word_1_516' title='bbox 752 2698 844 2740; x_wconf 73' lang='lat' dir='ltr'><strong>benignum</strong></span> 
     </span>
     <span class='ocr_line' id='line_1_102' title="bbox 70 2709 843 2782; baseline 0.052 -48"><span class='ocrx_word' id='word_1_517' title='bbox 70 2710 85 2735; x_wconf 81' lang='lat' dir='ltr'><strong>es</strong></span> <span class='ocrx_word' id='word_1_518' title='bbox 93 2709 137 2746; x_wconf 82' lang='lat' dir='ltr'><strong>quusi</strong></span> <span class='ocrx_word' id='word_1_519' title='bbox 150 2710 250 2746; x_wconf 81' lang='lat' dir='ltr'><strong>liberalem.</strong></span> <span class='ocrx_word' id='word_1_520' title='bbox 259 2713 360 2750; x_wconf 65' lang='lat' dir='ltr'><strong>Portentum</strong></span> <span class='ocrx_word' id='word_1_521' title='bbox 368 2721 450 2762; x_wconf 80' lang='lat' dir='ltr'><strong>vomeris,</strong></span> <span class='ocrx_word' id='word_1_522' title='bbox 457 2726 478 2757; x_wconf 87' lang='lat' dir='ltr'><strong>nd</strong></span> <span class='ocrx_word' id='word_1_523' title='bbox 490 2731 575 2762; x_wconf 81' lang='lat' dir='ltr'><strong>arandum</strong></span> <span class='ocrx_word' id='word_1_524' title='bbox 587 2737 604 2762; x_wconf 81' lang='lat' dir='ltr'><strong>et</strong></span> <span class='ocrx_word' id='word_1_525' title='bbox 617 2731 675 2774; x_wconf 65' lang='lat' dir='ltr'><strong>tmpus</strong></span> <span class='ocrx_word' id='word_1_526' title='bbox 686 2737 767 2770; x_wconf 80' lang='lat' dir='ltr'><strong>colendos</strong></span> <span class='ocrx_word' id='word_1_527' title='bbox 779 2745 843 2782; x_wconf 87' lang='lat' dir='ltr'><strong>optarn.</strong></span> 
     </span>
    </p>
   </div>
   <div class='ocr_carea' id='block_1_18' title="bbox 48 2746 842 2902">
    <p class='ocr_par' dir='ltr' id='par_1_44' title="bbox 48 2746 842 2902">
     <span class='ocr_line' id='line_1_103' title="bbox 72 2746 842 2816; baseline 0.048 -39"><span class='ocrx_word' id='word_1_528' title='bbox 72 2761 87 2767; x_wconf 86' lang='lat'>—</span> <span class='ocrx_word' id='word_1_529' title='bbox 95 2751 112 2779; x_wconf 77' lang='lat' dir='ltr'><em>w</em></span> <span class='ocrx_word' id='word_1_530' title='bbox 121 2746 188 2782; x_wconf 77' lang='lat' dir='ltr'><strong>Vesevo</strong></span> <span class='ocrx_word' id='word_1_531' title='bbox 199 2753 299 2793; x_wconf 77' lang='lat' dir='ltr'><strong>(adjective)</strong></span> <span class='ocrx_word' id='word_1_532' title='bbox 307 2757 358 2797; x_wconf 75' lang='lat' dir='ltr'><strong>jugo,</strong></span> <span class='ocrx_word' id='word_1_533' title='bbox 370 2761 442 2795; x_wconf 84' lang='lat' dir='ltr'><strong>Vesuvio</strong></span> <span class='ocrx_word' id='word_1_534' title='bbox 450 2768 514 2806; x_wconf 81' lang='lat' dir='ltr'><strong>monti,</strong></span> <span class='ocrx_word' id='word_1_535' title='bbox 525 2771 555 2808; x_wconf 92' lang='lat' dir='ltr'><strong>qui</strong></span> <span class='ocrx_word' id='word_1_536' title='bbox 566 2772 621 2811; x_wconf 84' lang='lat' dir='ltr'><strong>poetis</strong></span> <span class='ocrx_word' id='word_1_537' title='bbox 632 2781 678 2814; x_wconf 70' lang='lat' dir='ltr'><strong>saepe</strong></span> <span class='ocrx_word' id='word_1_538' title='bbox 689 2775 752 2809; x_wconf 87' lang='lat' dir='ltr'><strong>dicltur</strong></span> <span class='ocrx_word' id='word_1_539' title='bbox 760 2779 842 2816; x_wconf 79' lang='lat' dir='ltr'><strong>Vesevus.</strong></span> 
     </span>
     <span class='ocr_line' id='line_1_104' title="bbox 48 2785 841 2858; baseline 0.05 -43"><span class='ocrx_word' id='word_1_540' title='bbox 48 2803 51 2813; x_wconf 74' lang='lat'><strong>.</strong></span> <span class='ocrx_word' id='word_1_541' title='bbox 70 2785 176 2824; x_wconf 71' lang='lat' dir='ltr'><strong>Cojnsioedas</strong></span> <span class='ocrx_word' id='word_1_542' title='bbox 183 2795 289 2834; x_wconf 87' lang='lat' dir='ltr'><strong>eruptiones</strong></span> <span class='ocrx_word' id='word_1_543' title='bbox 294 2805 331 2828; x_wconf 94' lang='lat' dir='ltr'><strong>non</strong></span> <span class='ocrx_word' id='word_1_544' title='bbox 339 2807 412 2834; x_wconf 83' lang='lat' dir='ltr'><strong>noverat</strong></span> <span class='ocrx_word' id='word_1_545' title='bbox 419 2805 581 2848; x_wconf 70' lang='lat' dir='ltr'><strong>l&#39;lrgiilus.quurum</strong></span> <span class='ocrx_word' id='word_1_546' title='bbox 589 2812 656 2843; x_wconf 85' lang='lat' dir='ltr'><strong>initium</strong></span> <span class='ocrx_word' id='word_1_547' title='bbox 664 2821 841 2858; x_wconf 58' lang='lat' dir='ltr'><strong>nuncupassemus.</strong></span> 
     </span>
     <span class='ocr_line' id='line_1_105' title="bbox 71 2829 841 2902; baseline 0.049 -43"><span class='ocrx_word' id='word_1_548' title='bbox 71 2841 87 2848; x_wconf 86' lang='lat'><em>—</em></span> <span class='ocrx_word' id='word_1_549' title='bbox 97 2833 115 2861; x_wconf 80' lang='lat' dir='ltr'><strong>st</strong></span> <span class='ocrx_word' id='word_1_550' title='bbox 126 2829 205 2864; x_wconf 78' lang='lat' dir='ltr'><strong>Clanius</strong></span> <span class='ocrx_word' id='word_1_551' title='bbox 217 2835 287 2874; x_wconf 76' lang='lat' dir='ltr'><strong>poetica</strong></span> <span class='ocrx_word' id='word_1_552' title='bbox 298 2836 377 2872; x_wconf 84' lang='lat' dir='ltr'><strong>libertate</strong></span> <span class='ocrx_word' id='word_1_553' title='bbox 391 2841 413 2875; x_wconf 86' lang='lat' dir='ltr'><strong>dc</strong></span> <span class='ocrx_word' id='word_1_554' title='bbox 425 2845 486 2877; x_wconf 87' lang='lat' dir='ltr'><strong>necolis</strong></span> <span class='ocrx_word' id='word_1_555' title='bbox 497 2848 562 2886; x_wconf 76' lang='lat' dir='ltr'><strong>cinnii.</strong></span> <span class='ocrx_word' id='word_1_556' title='bbox 573 2851 672 2891; x_wconf 74' lang='lat' dir='ltr'><strong>Campaniae</strong></span> <span class='ocrx_word' id='word_1_557' title='bbox 684 2857 742 2894; x_wconf 80' lang='lat' dir='ltr'><strong>fluvii,</strong></span> <span class='ocrx_word' id='word_1_558' title='bbox 754 2859 841 2902; x_wconf 72' lang='lat' dir='ltr'><strong>frequenti</strong></span> 
     </span>
    </p>
   </div>
   <div class='ocr_carea' id='block_1_19' title="bbox 69 2869 568 2921">
    <p class='ocr_par' dir='ltr' id='par_1_45' title="bbox 69 2869 568 2921">
     <span class='ocr_line' id='line_1_106' title="bbox 69 2869 568 2921; baseline 0.046 -22"><span class='ocrx_word' id='word_1_559' title='bbox 69 2869 181 2904; x_wconf 72' lang='lat' dir='ltr'><strong>exundatione</strong></span> <span class='ocrx_word' id='word_1_560' title='bbox 193 2873 256 2906; x_wconf 89' lang='lat' dir='ltr'><strong>vicinis</strong></span> <span class='ocrx_word' id='word_1_561' title='bbox 265 2878 312 2916; x_wconf 73' lang='lat' dir='ltr'><strong>agris</strong></span> <span class='ocrx_word' id='word_1_562' title='bbox 324 2878 389 2918; x_wconf 84' lang='lat' dir='ltr'><strong>iniesti.</strong></span> <span class='ocrx_word' id='word_1_563' title='bbox 397 2884 472 2916; x_wconf 70' lang='lat' dir='ltr'><strong>maxime</strong></span> <span class='ocrx_word' id='word_1_564' title='bbox 479 2887 568 2921; x_wconf 77' lang='lat' dir='ltr'><strong>Acerranis</strong></span> 
     </span>
    </p>
   </div>
   <div class='ocr_carea' id='block_1_20' title="bbox 579 2891 841 2940">
    <p class='ocr_par' dir='ltr' id='par_1_46' title="bbox 579 2891 841 2940">
     <span class='ocr_line' id='line_1_107' title="bbox 579 2891 841 2940; baseline 0.057 -20"><span class='ocrx_word' id='word_1_565' title='bbox 579 2900 583 2921; x_wconf 80' lang='grc' dir='ltr'><strong><em>ι</em></strong></span> <span class='ocrx_word' id='word_1_566' title='bbox 592 2891 639 2923; x_wconf 86' lang='lat' dir='ltr'><strong>unde</strong></span> <span class='ocrx_word' id='word_1_567' title='bbox 649 2895 709 2928; x_wconf 84' lang='lat' dir='ltr'><strong>incolis</strong></span> <span class='ocrx_word' id='word_1_568' title='bbox 716 2899 816 2940; x_wconf 73' lang='lat' dir='ltr'><strong>infrequens</strong></span> <span class='ocrx_word' id='word_1_569' title='bbox 823 2903 841 2936; x_wconf 86' lang='lat' dir='ltr'><strong>ld</strong></span> 
     </span>
    </p>
   </div>
   <div class='ocr_carea' id='block_1_21' title="bbox 69 2909 703 2968">
    <p class='ocr_par' dir='ltr' id='par_1_47' title="bbox 69 2909 703 2968">
     <span class='ocr_line' id='line_1_108' title="bbox 69 2909 703 2968; baseline 0.044 -28"><span class='ocrx_word' id='word_1_570' title='bbox 69 2909 154 2949; x_wconf 85' lang='lat' dir='ltr'><strong>oppidum.</strong></span> <span class='ocrx_word' id='word_1_571' title='bbox 164 2930 182 2936; x_wconf 86' lang='lat'>-</span> <span class='ocrx_word' id='word_1_572' title='bbox 191 2915 268 2948; x_wconf 75' lang='lat' dir='ltr'><strong>elstrae</strong></span> <span class='ocrx_word' id='word_1_573' title='bbox 276 2917 302 2949; x_wconf 84' lang='lat' dir='ltr'><strong>:Sl</strong></span> <span class='ocrx_word' id='word_1_574' title='bbox 311 2921 388 2960; x_wconf 84' lang='lat' dir='ltr'><strong>requires</strong></span> <span class='ocrx_word' id='word_1_575' title='bbox 396 2923 468 2965; x_wconf 74' lang='lat' dir='ltr'><strong>(uenum)</strong></span> <span class='ocrx_word' id='word_1_576' title='bbox 475 2935 514 2959; x_wconf 84' lang='lat' dir='ltr'><strong>rora</strong></span> <span class='ocrx_word' id='word_1_577' title='bbox 520 2929 548 2967; x_wconf 89' lang='lat' dir='ltr'><strong>stt,</strong></span> <span class='ocrx_word' id='word_1_578' title='bbox 557 2938 580 2961; x_wconf 90' lang='lat' dir='ltr'><strong>an</strong></span> <span class='ocrx_word' id='word_1_579' title='bbox 587 2931 637 2965; x_wconf 74' lang='lat' dir='ltr'><strong>trimis</strong></span> <span class='ocrx_word' id='word_1_580' title='bbox 644 2931 703 2968; x_wconf 81' lang='lat' dir='ltr'><strong>desua.</strong></span> 
     </span>
    </p>
   </div>
   <div class='ocr_carea' id='block_1_22' title="bbox 0 0 1030 3274">
    <p class='ocr_par' dir='ltr' id='par_1_48' title="bbox 0 0 1030 3274">
     <span class='ocr_line' id='line_1_109' title="bbox 0 0 1030 3274; baseline 0 13"><span class='ocrx_word' id='word_1_581' title='bbox 0 0 1030 3274; x_wconf 95' lang='lat' dir='ltr'><strong> </strong></span> 
     </span>
    </p>
   </div>
  </div>
 </body>
</html>
