<?xml version="1.0" encoding="UTF-8"?>
<!DOCTYPE html PUBLIC "-//W3C//DTD XHTML 1.0 Transitional//EN"
    "http://www.w3.org/TR/xhtml1/DTD/xhtml1-transitional.dtd">
<html xmlns="http://www.w3.org/1999/xhtml" xml:lang="en" lang="en">
 <head>
  <title>
</title>
<meta http-equiv="Content-Type" content="text/html;charset=utf-8" />
  <meta name='ocr-system' content='tesseract 3.04.00' />
  <meta name='ocr-capabilities' content='ocr_page ocr_carea ocr_par ocr_line ocrx_word'/>
</head>
<body>
  <div class='ocr_page' id='page_1' title='image "./publiivirgiliim00bondgoog/publiivirgiliim00bondgoog_0464.png"; bbox 0 0 2014 3280; ppageno 0'>
   <div class='ocr_carea' id='block_1_1' title="bbox 324 560 559 602">
    <p class='ocr_par' dir='ltr' id='par_1_1' title="bbox 324 560 559 602">
     <span class='ocr_line' id='line_1_1' title="bbox 324 560 559 602; baseline 0.013 -6"><span class='ocrx_word' id='word_1_1' title='bbox 324 560 363 598; x_wconf 77' lang='lat' dir='ltr'><strong>att</strong></span> <span class='ocrx_word' id='word_1_2' title='bbox 382 561 559 602; x_wconf 78' lang='lat' dir='ltr'>OCTAVIUM.</span> 
     </span>
    </p>
   </div>
   <div class='ocr_carea' id='block_1_2' title="bbox 47 692 831 770">
    <p class='ocr_par' dir='ltr' id='par_1_2' title="bbox 47 692 831 770">
     <span class='ocr_line' id='line_1_2' title="bbox 47 692 831 770; baseline 0.01 -20"><span class='ocrx_word' id='word_1_3' title='bbox 47 692 167 757; x_wconf 83' lang='lat' dir='ltr'><strong>Lustraus,</strong></span> <span class='ocrx_word' id='word_1_4' title='bbox 181 712 255 750; x_wconf 87' lang='lat' dir='ltr'><strong>octavi</strong></span> <span class='ocrx_word' id='word_1_5' title='bbox 263 709 276 760; x_wconf 69' lang='grc' dir='ltr'><strong>Ι,</strong></span> <span class='ocrx_word' id='word_1_6' title='bbox 287 714 362 762; x_wconf 76' lang='lat' dir='ltr'><strong>gracili</strong></span> <span class='ocrx_word' id='word_1_7' title='bbox 371 717 491 756; x_wconf 80' lang='lat' dir='ltr'>modulante</span> <span class='ocrx_word' id='word_1_8' title='bbox 501 717 587 763; x_wconf 83' lang='lat' dir='ltr'><strong>Thalia,</strong></span> <span class='ocrx_word' id='word_1_9' title='bbox 679 692 831 770; x_wconf 52' lang='grc' dir='ltr'><strong>,ζΝὲῗζξῗιᾞξζ</strong></span> 
     </span>
    </p>
   </div>
   <div class='ocr_carea' id='block_1_3' title="bbox 48 770 832 856">
    <p class='ocr_par' dir='ltr' id='par_1_3' title="bbox 48 770 832 856">
     <span class='ocr_line' id='line_1_3' title="bbox 48 770 832 856; baseline 0.014 -51"><span class='ocrx_word' id='word_1_10' title='bbox 48 770 127 816; x_wconf 81' lang='lat' dir='ltr'><strong>Atque,</strong></span> <span class='ocrx_word' id='word_1_11' title='bbox 138 774 163 808; x_wconf 90' lang='lat' dir='ltr'><strong>ut</strong></span> <span class='ocrx_word' id='word_1_12' title='bbox 173 771 277 820; x_wconf 86' lang='lat' dir='ltr'><strong>araneoli,</strong></span> <span class='ocrx_word' id='word_1_13' title='bbox 287 776 371 812; x_wconf 86' lang='lat' dir='ltr'><strong>tenuem</strong></span> <span class='ocrx_word' id='word_1_14' title='bbox 380 775 516 815; x_wconf 77' lang='lat' dir='ltr'><strong>formavimus</strong></span> <span class='ocrx_word' id='word_1_15' title='bbox 526 770 622 821; x_wconf 74' lang='lat' dir='ltr'><strong>orsum²;</strong></span> <span class='ocrx_word' id='word_1_16' title='bbox 678 775 832 856; x_wconf 46' lang='lat' dir='ltr'><strong>xtffiffiffi</strong></span> 
     </span>
     <span class='ocr_line' id='line_1_4' title="bbox 783 839 789 855; baseline 0 0"><span class='ocrx_word' id='word_1_17' title='bbox 783 839 789 855; x_wconf 74' lang='lat' dir='ltr'><strong>t</strong></span> 
     </span>
    </p>
   </div>
   <div class='ocr_carea' id='block_1_4' title="bbox 48 827 833 888">
    <p class='ocr_par' dir='ltr' id='par_1_4' title="bbox 48 827 833 888">
     <span class='ocr_line' id='line_1_5' title="bbox 48 827 833 888; baseline 0.008 -22"><span class='ocrx_word' id='word_1_18' title='bbox 48 827 160 868; x_wconf 74' lang='lat' dir='ltr'><strong>tustanus:</strong></span> <span class='ocrx_word' id='word_1_19' title='bbox 170 830 214 868; x_wconf 84' lang='lat' dir='ltr'><strong>haec</strong></span> <span class='ocrx_word' id='word_1_20' title='bbox 226 835 310 879; x_wconf 83' lang='lat' dir='ltr'><strong>propter</strong></span> <span class='ocrx_word' id='word_1_21' title='bbox 320 833 399 872; x_wconf 87' lang='lat' dir='ltr'><strong>culicis</strong></span> <span class='ocrx_word' id='word_1_22' title='bbox 408 834 451 873; x_wconf 89' lang='lat' dir='ltr'><strong>sint</strong></span> <span class='ocrx_word' id='word_1_23' title='bbox 459 835 551 874; x_wconf 88' lang='lat' dir='ltr'><strong>carmina</strong></span> <span class='ocrx_word' id='word_1_24' title='bbox 562 833 629 880; x_wconf 87' lang='lat' dir='ltr'><strong>dicta,</strong></span> <span class='ocrx_word' id='word_1_25' title='bbox 679 854 725 887; x_wconf 77' lang='lat' dir='ltr'><strong>diest</strong></span> <span class='ocrx_word' id='word_1_26' title='bbox 731 861 833 888; x_wconf 74' lang='lat' dir='ltr'><strong>carmente-</strong></span> 
     </span>
    </p>
   </div>
   <div class='ocr_carea' id='block_1_5' title="bbox 30 883 830 946">
    <p class='ocr_par' dir='ltr' id='par_1_5' title="bbox 30 883 830 946">
     <span class='ocr_line' id='line_1_6' title="bbox 30 883 830 946; baseline 0.014 -23"><span class='ocrx_word' id='word_1_27' title='bbox 30 932 33 946; x_wconf 86' lang='lat'>.</span> <span class='ocrx_word' id='word_1_28' title='bbox 48 885 124 924; x_wconf 86' lang='lat' dir='ltr'><strong>omnis</strong></span> <span class='ocrx_word' id='word_1_29' title='bbox 132 891 157 925; x_wconf 91' lang='lat' dir='ltr'><strong>ut</strong></span> <span class='ocrx_word' id='word_1_30' title='bbox 166 883 272 928; x_wconf 75' lang='lat' dir='ltr'><strong>historice³</strong></span> <span class='ocrx_word' id='word_1_31' title='bbox 281 899 318 938; x_wconf 83' lang='lat' dir='ltr'><strong>per</strong></span> <span class='ocrx_word' id='word_1_32' title='bbox 326 890 398 929; x_wconf 88' lang='lat' dir='ltr'><strong>ludum</strong></span> <span class='ocrx_word' id='word_1_33' title='bbox 408 896 506 932; x_wconf 80' lang='lat' dir='ltr'><strong>consonet</strong></span> <span class='ocrx_word' id='word_1_34' title='bbox 515 893 565 931; x_wconf 90' lang='lat' dir='ltr'><strong>ordo</strong></span> <span class='ocrx_word' id='word_1_35' title='bbox 679 903 715 927; x_wconf 75' lang='lat' dir='ltr'><strong>nuo</strong></span> <span class='ocrx_word' id='word_1_36' title='bbox 722 901 740 927; x_wconf 81' lang='lat' dir='ltr'><strong>er</strong></span> <span class='ocrx_word' id='word_1_37' title='bbox 746 895 830 934; x_wconf 66' lang='lat' dir='ltr'><strong>tomum.</strong></span> 
     </span>
    </p>
   </div>
   <div class='ocr_carea' id='block_1_6' title="bbox 26 2212 30 2250">
    <p class='ocr_par' dir='ltr' id='par_1_6' title="bbox 26 2212 30 2250">
     <span class='ocr_line' id='line_1_7' title="bbox 26 2212 30 2250; baseline 0 0"><span class='ocrx_word' id='word_1_38' title='bbox 26 2212 30 2250; x_wconf 92' lang='lat' dir='ltr'><strong>i</strong></span> 
     </span>
    </p>
   </div>
   <div class='ocr_carea' id='block_1_7' title="bbox 40 2066 371 2076">
    <p class='ocr_par' dir='ltr' id='par_1_7' title="bbox 40 2066 371 2076">
     <span class='ocr_line' id='line_1_8' title="bbox 40 2066 371 2076; baseline 0.009 -3"><span class='ocrx_word' id='word_1_39' title='bbox 40 2069 46 2073; x_wconf 87' lang='lat'><em>.</em></span> <span class='ocrx_word' id='word_1_40' title='bbox 63 2066 120 2072; x_wconf 88' lang='lat'><strong>—-—</strong></span> <span class='ocrx_word' id='word_1_41' title='bbox 280 2068 315 2075; x_wconf 72' lang='grc' dir='ltr'><strong>--ι</strong></span> <span class='ocrx_word' id='word_1_42' title='bbox 328 2070 371 2076; x_wconf 73' lang='lat'><em>...—</em></span> 
     </span>
    </p>
   </div>
   <div class='ocr_carea' id='block_1_8' title="bbox 4 2099 831 2176">
    <p class='ocr_par' dir='ltr' id='par_1_8' title="bbox 4 2099 831 2176">
     <span class='ocr_line' id='line_1_9' title="bbox 4 2099 831 2176; baseline 0.011 -44"><span class='ocrx_word' id='word_1_43' title='bbox 4 2129 5 2132; x_wconf 75' lang='grc'>,</span> <span class='ocrx_word' id='word_1_44' title='bbox 50 2110 102 2176; x_wconf 52' lang='lat' dir='ltr'><strong>guam</strong></span> <span class='ocrx_word' id='word_1_45' title='bbox 107 2099 188 2141; x_wconf 77' lang='lat' dir='ltr'><strong>seratur.</strong></span> <span class='ocrx_word' id='word_1_46' title='bbox 195 2118 210 2126; x_wconf 93' lang='lat'><em>—</em></span> <span class='ocrx_word' id='word_1_47' title='bbox 219 2105 226 2135; x_wconf 83' lang='lat' dir='ltr'><strong>i</strong></span> <span class='ocrx_word' id='word_1_48' title='bbox 236 2104 292 2140; x_wconf 82' lang='lat' dir='ltr'><strong>orrum</strong></span> <span class='ocrx_word' id='word_1_49' title='bbox 299 2109 333 2136; x_wconf 82' lang='lat' dir='ltr'><strong>lem</strong></span> <span class='ocrx_word' id='word_1_50' title='bbox 347 2113 388 2142; x_wconf 80' lang='lat' dir='ltr'><strong>ora.</strong></span> <span class='ocrx_word' id='word_1_51' title='bbox 396 2113 455 2138; x_wconf 82' lang='lat' dir='ltr'><strong>rerum</strong></span> <span class='ocrx_word' id='word_1_52' title='bbox 466 2104 543 2138; x_wconf 83' lang='lat' dir='ltr'><strong>eottditlo</strong></span> <span class='ocrx_word' id='word_1_53' title='bbox 550 2105 586 2136; x_wconf 86' lang='lat' dir='ltr'><strong>sire</strong></span> <span class='ocrx_word' id='word_1_54' title='bbox 596 2104 651 2136; x_wconf 87' lang='lat' dir='ltr'><strong>otium</strong></span> <span class='ocrx_word' id='word_1_55' title='bbox 658 2104 760 2148; x_wconf 67' lang='lat' dir='ltr'><strong>benignius.</strong></span> <span class='ocrx_word' id='word_1_56' title='bbox 770 2117 831 2140; x_wconf 82' lang='lat' dir='ltr'><strong>conce·</strong></span> 
     </span>
    </p>
   </div>
   <div class='ocr_carea' id='block_1_9' title="bbox 47 935 832 1017">
    <p class='ocr_par' dir='ltr' id='par_1_9' title="bbox 47 935 832 1017">
     <span class='ocr_line' id='line_1_10' title="bbox 47 935 832 1017; baseline 0.01 -35"><span class='ocrx_word' id='word_1_57' title='bbox 47 943 134 983; x_wconf 83' lang='lat' dir='ltr'><strong>Notitiae</strong></span> <span class='ocrx_word' id='word_1_58' title='bbox 145 957 150 984; x_wconf 81' lang='lat' dir='ltr'><strong>r</strong></span> <span class='ocrx_word' id='word_1_59' title='bbox 160 941 249 986; x_wconf 88' lang='lat' dir='ltr'><strong>ducam⁴</strong></span> <span class='ocrx_word' id='word_1_60' title='bbox 259 957 330 995; x_wconf 83' lang='lat' dir='ltr'><strong>voces,</strong></span> <span class='ocrx_word' id='word_1_61' title='bbox 342 948 393 988; x_wconf 86' lang='lat' dir='ltr'><strong>licet</strong></span> <span class='ocrx_word' id='word_1_62' title='bbox 401 949 485 989; x_wconf 88' lang='lat' dir='ltr'><strong>invidus</strong></span> <span class='ocrx_word' id='word_1_63' title='bbox 494 949 556 988; x_wconf 85' lang='lat' dir='ltr'><strong>adsit.</strong></span> <span class='ocrx_word' id='word_1_64' title='bbox 679 937 712 1008; x_wconf 49' lang='grc' dir='ltr'><strong>ἔξ*</strong></span> <span class='ocrx_word' id='word_1_65' title='bbox 723 935 832 1017; x_wconf 45' lang='lat' dir='ltr'><strong>Qum</strong></span> 
     </span>
    </p>
   </div>
   <div class='ocr_carea' id='block_1_10' title="bbox 48 1003 831 1058">
    <p class='ocr_par' dir='ltr' id='par_1_10' title="bbox 48 1003 831 1058">
     <span class='ocr_line' id='line_1_11' title="bbox 48 1003 831 1058; baseline 0.011 -17"><span class='ocrx_word' id='word_1_66' title='bbox 48 1003 152 1054; x_wconf 76' lang='lat' dir='ltr'><strong>Quisquis</strong></span> <span class='ocrx_word' id='word_1_67' title='bbox 161 1004 203 1044; x_wconf 85' lang='lat' dir='ltr'><strong>erit</strong></span> <span class='ocrx_word' id='word_1_68' title='bbox 211 1006 295 1055; x_wconf 85' lang='lat' dir='ltr'><strong>culpare</strong></span> <span class='ocrx_word' id='word_1_69' title='bbox 302 1010 359 1055; x_wconf 76' lang='lat' dir='ltr'><strong>locos</strong></span> <span class='ocrx_word' id='word_1_70' title='bbox 367 1005 503 1058; x_wconf 77' lang='lat' dir='ltr'><strong>Musamque⁵</strong></span> <span class='ocrx_word' id='word_1_71' title='bbox 514 1012 609 1057; x_wconf 82' lang='lat' dir='ltr'><strong>paratus.</strong></span> <span class='ocrx_word' id='word_1_72' title='bbox 679 1015 720 1050; x_wconf 76' lang='lat' dir='ltr'><strong>Eet.</strong></span> <span class='ocrx_word' id='word_1_73' title='bbox 728 1017 746 1054; x_wconf 87' lang='grc' dir='ltr'>ι.</span> <span class='ocrx_word' id='word_1_74' title='bbox 759 1021 782 1050; x_wconf 84' lang='grc' dir='ltr'>ιι,</span> <span class='ocrx_word' id='word_1_75' title='bbox 791 1035 811 1042; x_wconf 93' lang='grc'>-</span> <span class='ocrx_word' id='word_1_76' title='bbox 822 1024 831 1050; x_wconf 80' lang='lat' dir='ltr'><strong>a</strong></span> 
     </span>
    </p>
   </div>
   <div class='ocr_carea' id='block_1_11' title="bbox 47 1056 831 1132">
    <p class='ocr_par' dir='ltr' id='par_1_11' title="bbox 47 1056 831 1132">
     <span class='ocr_line' id='line_1_12' title="bbox 47 1056 831 1132; baseline 0.008 -30"><span class='ocrx_word' id='word_1_77' title='bbox 47 1063 142 1102; x_wconf 86' lang='lat' dir='ltr'><strong>Pondere</strong></span> <span class='ocrx_word' id='word_1_78' title='bbox 151 1064 184 1102; x_wconf 81' lang='lat' dir='ltr'><strong>vel</strong></span> <span class='ocrx_word' id='word_1_79' title='bbox 192 1065 272 1104; x_wconf 82' lang='lat' dir='ltr'><strong>culicis</strong></span> <span class='ocrx_word' id='word_1_80' title='bbox 280 1065 346 1105; x_wconf 86' lang='lat' dir='ltr'><strong>levior</strong></span> <span class='ocrx_word' id='word_1_81' title='bbox 357 1066 452 1116; x_wconf 77' lang='lat' dir='ltr'><strong>ianuaque</strong></span> <span class='ocrx_word' id='word_1_82' title='bbox 460 1068 539 1106; x_wconf 83' lang='lat' dir='ltr'><strong>leretur</strong></span> <span class='ocrx_word' id='word_1_83' title='bbox 545 1062 561 1106; x_wconf 82' lang='lat'><strong>⁶.</strong></span> <span class='ocrx_word' id='word_1_84' title='bbox 679 1056 831 1132; x_wconf 47' lang='lat' dir='ltr'><strong>fflfflffig</strong></span> 
     </span>
    </p>
   </div>
   <div class='ocr_carea' id='block_1_12' title="bbox 47 1119 832 1177">
    <p class='ocr_par' dir='ltr' id='par_1_12' title="bbox 47 1119 832 1177">
     <span class='ocr_line' id='line_1_13' title="bbox 47 1119 832 1177; baseline 0.015 -17"><span class='ocrx_word' id='word_1_85' title='bbox 47 1119 155 1160; x_wconf 84' lang='lat' dir='ltr'><strong>Posterius</strong></span> <span class='ocrx_word' id='word_1_86' title='bbox 166 1123 263 1170; x_wconf 76' lang='lat' dir='ltr'><strong>graviore</strong></span> <span class='ocrx_word' id='word_1_87' title='bbox 271 1134 321 1163; x_wconf 88' lang='lat' dir='ltr'><strong>sono</strong></span> <span class='ocrx_word' id='word_1_88' title='bbox 331 1125 370 1164; x_wconf 89' lang='lat' dir='ltr'><strong>tibi</strong></span> <span class='ocrx_word' id='word_1_89' title='bbox 381 1126 441 1165; x_wconf 87' lang='lat' dir='ltr'><strong>Musa</strong></span> <span class='ocrx_word' id='word_1_90' title='bbox 451 1126 548 1174; x_wconf 86' lang='lat' dir='ltr'><strong>loquetur</strong></span> <span class='ocrx_word' id='word_1_91' title='bbox 665 1137 667 1164; x_wconf 81' lang='lat' dir='ltr'><strong>l</strong></span> <span class='ocrx_word' id='word_1_92' title='bbox 679 1137 706 1170; x_wconf 77' lang='lat' dir='ltr'><strong>nn</strong></span> <span class='ocrx_word' id='word_1_93' title='bbox 715 1138 802 1177; x_wconf 61' lang='lat' dir='ltr'><strong>veniisset</strong></span> <span class='ocrx_word' id='word_1_94' title='bbox 813 1145 832 1172; x_wconf 75' lang='lat' dir='ltr'><strong>ee</strong></span> 
     </span>
    </p>
   </div>
   <div class='ocr_carea' id='block_1_13' title="bbox 48 1165 832 1292">
    <p class='ocr_par' dir='ltr' id='par_1_13' title="bbox 48 1165 832 1292">
     <span class='ocr_line' id='line_1_14' title="bbox 48 1165 832 1232; baseline 0.014 -15"><span class='ocrx_word' id='word_1_95' title='bbox 48 1181 135 1225; x_wconf 81' lang='lat' dir='ltr'><strong>Nostra,</strong></span> <span class='ocrx_word' id='word_1_96' title='bbox 146 1180 225 1219; x_wconf 87' lang='lat' dir='ltr'><strong>dabunt</strong></span> <span class='ocrx_word' id='word_1_97' title='bbox 235 1181 278 1230; x_wconf 80' lang='lat' dir='ltr'><strong>quir</strong></span> <span class='ocrx_word' id='word_1_98' title='bbox 287 1177 384 1222; x_wconf 83' lang='lat' dir='ltr'><strong>securos⁷</strong></span> <span class='ocrx_word' id='word_1_99' title='bbox 393 1183 446 1223; x_wconf 80' lang='lat' dir='ltr'><strong>milri</strong></span> <span class='ocrx_word' id='word_1_100' title='bbox 456 1189 548 1232; x_wconf 85' lang='lat' dir='ltr'><strong>tempora</strong></span> <span class='ocrx_word' id='word_1_101' title='bbox 557 1183 650 1232; x_wconf 84' lang='lat' dir='ltr'><strong>tructus,</strong></span> <span class='ocrx_word' id='word_1_102' title='bbox 665 1165 667 1199; x_wconf 81' lang='lat'><strong>¹</strong></span> <span class='ocrx_word' id='word_1_103' title='bbox 679 1175 743 1210; x_wconf 68' lang='lat' dir='ltr'><strong>orator</strong></span> <span class='ocrx_word' id='word_1_104' title='bbox 759 1179 832 1220; x_wconf 77' lang='lat' dir='ltr'><strong>proprie</strong></span> 
     </span>
     <span class='ocr_line' id='line_1_15' title="bbox 48 1217 831 1292; baseline 0.013 -16"><span class='ocrx_word' id='word_1_105' title='bbox 48 1238 77 1276; x_wconf 92' lang='lat' dir='ltr'><strong>Ut</strong></span> <span class='ocrx_word' id='word_1_106' title='bbox 87 1235 129 1275; x_wconf 87' lang='lat' dir='ltr'><strong>tibi</strong></span> <span class='ocrx_word' id='word_1_107' title='bbox 140 1237 203 1285; x_wconf 75' lang='lat' dir='ltr'><strong>digua</strong></span> <span class='ocrx_word' id='word_1_108' title='bbox 211 1242 248 1277; x_wconf 89' lang='lat' dir='ltr'><strong>tuo</strong></span> <span class='ocrx_word' id='word_1_109' title='bbox 256 1240 362 1287; x_wconf 89' lang='lat' dir='ltr'><strong>poliantur</strong></span> <span class='ocrx_word' id='word_1_110' title='bbox 371 1240 464 1280; x_wconf 86' lang='lat' dir='ltr'><strong>carmina</strong></span> <span class='ocrx_word' id='word_1_111' title='bbox 473 1251 542 1280; x_wconf 86' lang='lat' dir='ltr'><strong>seusu.</strong></span> <span class='ocrx_word' id='word_1_112' title='bbox 680 1217 761 1292; x_wconf 30' lang='lat' dir='ltr'><strong>atlante—tn</strong></span> <span class='ocrx_word' id='word_1_113' title='bbox 769 1219 831 1292; x_wconf 56' lang='grc' dir='ltr'>ῗιιιᾛῖ</span> 
     </span>
    </p>
   </div>
   <div class='ocr_carea' id='block_1_14' title="bbox 76 1296 832 1349">
    <p class='ocr_par' dir='ltr' id='par_1_14' title="bbox 76 1296 832 1349">
     <span class='ocr_line' id='line_1_16' title="bbox 76 1296 832 1349; baseline 0.008 -14"><span class='ocrx_word' id='word_1_114' title='bbox 76 1297 160 1335; x_wconf 84' lang='lat' dir='ltr'><strong>Latonae</strong></span> <span class='ocrx_word' id='word_1_115' title='bbox 169 1296 281 1344; x_wconf 77' lang='lat' dir='ltr'><strong>magnique</strong></span> <span class='ocrx_word' id='word_1_116' title='bbox 289 1299 347 1339; x_wconf 84' lang='lat' dir='ltr'><strong>Jovls</strong></span> <span class='ocrx_word' id='word_1_117' title='bbox 356 1300 429 1349; x_wconf 90' lang='lat' dir='ltr'><strong>decus,</strong></span> <span class='ocrx_word' id='word_1_118' title='bbox 441 1296 518 1340; x_wconf 79' lang='lat' dir='ltr'><strong>aurea⁸</strong></span> <span class='ocrx_word' id='word_1_119' title='bbox 528 1301 609 1349; x_wconf 88' lang='lat' dir='ltr'><strong>proles,</strong></span> <span class='ocrx_word' id='word_1_120' title='bbox 679 1299 702 1332; x_wconf 79' lang='lat' dir='ltr'><strong>uo</strong></span> <span class='ocrx_word' id='word_1_121' title='bbox 710 1299 795 1336; x_wconf 72' lang='lat' dir='ltr'><strong>olonna.</strong></span> <span class='ocrx_word' id='word_1_122' title='bbox 803 1309 832 1333; x_wconf 76' lang='lat' dir='ltr'><strong>res</strong></span> 
     </span>
    </p>
   </div>
   <div class='ocr_carea' id='block_1_15' title="bbox 48 1340 832 1421">
    <p class='ocr_par' dir='ltr' id='par_1_15' title="bbox 48 1340 832 1421">
     <span class='ocr_line' id='line_1_17' title="bbox 48 1340 832 1421; baseline 0.006 -27"><span class='ocrx_word' id='word_1_123' title='bbox 48 1353 139 1394; x_wconf 86' lang='lat' dir='ltr'><strong>Phoebus</strong></span> <span class='ocrx_word' id='word_1_124' title='bbox 146 1353 188 1392; x_wconf 91' lang='lat' dir='ltr'><strong>erit</strong></span> <span class='ocrx_word' id='word_1_125' title='bbox 196 1355 262 1394; x_wconf 84' lang='lat' dir='ltr'><strong>nostri</strong></span> <span class='ocrx_word' id='word_1_126' title='bbox 274 1356 370 1406; x_wconf 84' lang='lat' dir='ltr'><strong>princeps</strong></span> <span class='ocrx_word' id='word_1_127' title='bbox 380 1361 402 1397; x_wconf 86' lang='lat' dir='ltr'><strong>et</strong></span> <span class='ocrx_word' id='word_1_128' title='bbox 411 1357 511 1398; x_wconf 82' lang='lat' dir='ltr'><strong>carminis</strong></span> <span class='ocrx_word' id='word_1_129' title='bbox 522 1364 603 1404; x_wconf 82' lang='lat' dir='ltr'><strong>auctor.</strong></span> <span class='ocrx_word' id='word_1_130' title='bbox 679 1340 832 1421; x_wconf 45' lang='lat' dir='ltr'><strong>mmm</strong></span> 
     </span>
    </p>
   </div>
   <div class='ocr_carea' id='block_1_16' title="bbox 47 1410 832 1584">
    <p class='ocr_par' dir='ltr' id='par_1_16' title="bbox 47 1410 832 1584">
     <span class='ocr_line' id='line_1_18' title="bbox 48 1410 831 1461; baseline 0.008 -9"><span class='ocrx_word' id='word_1_131' title='bbox 48 1415 75 1452; x_wconf 84' lang='lat' dir='ltr'><strong>Et</strong></span> <span class='ocrx_word' id='word_1_132' title='bbox 85 1410 192 1452; x_wconf 86' lang='lat' dir='ltr'><strong>recinente</strong></span> <span class='ocrx_word' id='word_1_133' title='bbox 201 1413 247 1461; x_wconf 82' lang='lat' dir='ltr'><strong>lyra</strong></span> <span class='ocrx_word' id='word_1_134' title='bbox 255 1415 324 1454; x_wconf 83' lang='lat' dir='ltr'><strong>fautor</strong></span> <span class='ocrx_word' id='word_1_135' title='bbox 335 1429 339 1455; x_wconf 91' lang='lat'><strong>:</strong></span> <span class='ocrx_word' id='word_1_136' title='bbox 350 1411 408 1456; x_wconf 73' lang='grc' dir='ltr'><strong>ιίνι9</strong></span> <span class='ocrx_word' id='word_1_137' title='bbox 417 1419 492 1458; x_wconf 81' lang='lat' dir='ltr'><strong>educat</strong></span> <span class='ocrx_word' id='word_1_138' title='bbox 502 1417 563 1457; x_wconf 90' lang='lat' dir='ltr'><strong>illum</strong></span> <span class='ocrx_word' id='word_1_139' title='bbox 679 1419 713 1454; x_wconf 79' lang='lat' dir='ltr'><strong>diet</strong></span> <span class='ocrx_word' id='word_1_140' title='bbox 731 1422 759 1454; x_wconf 80' lang='lat' dir='ltr'><strong>vel</strong></span> <span class='ocrx_word' id='word_1_141' title='bbox 779 1423 831 1454; x_wconf 80' lang='lat' dir='ltr'><strong>titulo</strong></span> 
     </span>
     <span class='ocr_line' id='line_1_19' title="bbox 48 1462 832 1535; baseline 0.011 -27"><span class='ocrx_word' id='word_1_142' title='bbox 48 1474 101 1509; x_wconf 81' lang='lat' dir='ltr'><strong>Acta</strong></span> <span class='ocrx_word' id='word_1_143' title='bbox 108 1464 125 1493; x_wconf 84' lang='lat'><strong>¹⁰</strong></span> <span class='ocrx_word' id='word_1_144' title='bbox 136 1471 250 1512; x_wconf 86' lang='lat' dir='ltr'><strong>Chimaerco</strong></span> <span class='ocrx_word' id='word_1_145' title='bbox 259 1475 340 1513; x_wconf 87' lang='lat' dir='ltr'><strong>Xanthi</strong></span> <span class='ocrx_word' id='word_1_146' title='bbox 352 1476 434 1524; x_wconf 84' lang='lat' dir='ltr'><strong>perlusa</strong></span> <span class='ocrx_word' id='word_1_147' title='bbox 441 1476 534 1526; x_wconf 85' lang='lat' dir='ltr'><strong>liquore,</strong></span> <span class='ocrx_word' id='word_1_148' title='bbox 679 1462 832 1535; x_wconf 53' lang='lat' dir='ltr'><strong>ffiffl&#39;gfflffl&#39;</strong></span> 
     </span>
     <span class='ocr_line' id='line_1_20' title="bbox 47 1528 831 1584; baseline 0.011 -17"><span class='ocrx_word' id='word_1_149' title='bbox 47 1531 89 1568; x_wconf 88' lang='lat' dir='ltr'><strong>sen</strong></span> <span class='ocrx_word' id='word_1_150' title='bbox 100 1529 162 1568; x_wconf 87' lang='lat' dir='ltr'><strong>decus</strong></span> <span class='ocrx_word' id='word_1_151' title='bbox 172 1528 291 1579; x_wconf 79' lang='lat' dir='ltr'><strong>Asterire¹¹;</strong></span> <span class='ocrx_word' id='word_1_152' title='bbox 302 1543 338 1572; x_wconf 88' lang='lat' dir='ltr'><strong>seu</strong></span> <span class='ocrx_word' id='word_1_153' title='bbox 347 1543 388 1582; x_wconf 88' lang='lat' dir='ltr'><strong>qua</strong></span> <span class='ocrx_word' id='word_1_154' title='bbox 398 1535 496 1575; x_wconf 86' lang='lat' dir='ltr'><strong>Parnasia</strong></span> <span class='ocrx_word' id='word_1_155' title='bbox 506 1545 567 1584; x_wconf 86' lang='lat' dir='ltr'><strong>rupes</strong></span> <span class='ocrx_word' id='word_1_156' title='bbox 680 1547 751 1574; x_wconf 68' lang='lat' dir='ltr'><strong>tun-o</strong></span> <span class='ocrx_word' id='word_1_157' title='bbox 787 1547 831 1576; x_wconf 77' lang='lat' dir='ltr'><strong>caet</strong></span> 
     </span>
    </p>
   </div>
   <div class='ocr_carea' id='block_1_17' title="bbox 48 1581 831 1662">
    <p class='ocr_par' dir='ltr' id='par_1_17' title="bbox 48 1581 831 1662">
     <span class='ocr_line' id='line_1_21' title="bbox 48 1581 831 1662; baseline 0.004 -36"><span class='ocrx_word' id='word_1_158' title='bbox 48 1587 103 1627; x_wconf 83' lang='lat' dir='ltr'><strong>ilinc</strong></span> <span class='ocrx_word' id='word_1_159' title='bbox 112 1591 174 1635; x_wconf 89' lang='lat' dir='ltr'><strong>atque</strong></span> <span class='ocrx_word' id='word_1_160' title='bbox 183 1589 233 1628; x_wconf 89' lang='lat' dir='ltr'><strong>hinc</strong></span> <span class='ocrx_word' id='word_1_161' title='bbox 242 1592 311 1637; x_wconf 85' lang='lat' dir='ltr'><strong>patulo</strong></span> <span class='ocrx_word' id='word_1_162' title='bbox 321 1593 437 1640; x_wconf 68' lang='lat' dir='ltr'><strong>praepandit</strong></span> <span class='ocrx_word' id='word_1_163' title='bbox 447 1603 525 1632; x_wconf 90' lang='lat' dir='ltr'><strong>cornua</strong></span> <span class='ocrx_word' id='word_1_164' title='bbox 533 1595 611 1642; x_wconf 77' lang='lat' dir='ltr'><strong>leonte,</strong></span> <span class='ocrx_word' id='word_1_165' title='bbox 678 1581 831 1662; x_wconf 48' lang='lat' dir='ltr'><strong>gfffflffig</strong></span> 
     </span>
    </p>
   </div>
   <div class='ocr_carea' id='block_1_18' title="bbox 48 1644 831 1696">
    <p class='ocr_par' dir='ltr' id='par_1_18' title="bbox 48 1644 831 1696">
     <span class='ocr_line' id='line_1_22' title="bbox 48 1644 831 1696; baseline 0.018 -14"><span class='ocrx_word' id='word_1_166' title='bbox 48 1644 186 1691; x_wconf 77' lang='lat' dir='ltr'><strong>(laetaliaeque</strong></span> <span class='ocrx_word' id='word_1_167' title='bbox 194 1655 269 1684; x_wconf 89' lang='lat' dir='ltr'><strong>sonans</strong></span> <span class='ocrx_word' id='word_1_168' title='bbox 278 1647 358 1695; x_wconf 86' lang='lat' dir='ltr'><strong>liquido</strong></span> <span class='ocrx_word' id='word_1_169' title='bbox 367 1649 417 1695; x_wconf 90' lang='lat' dir='ltr'><strong>pede</strong></span> <span class='ocrx_word' id='word_1_170' title='bbox 423 1644 439 1672; x_wconf 89' lang='lat'><strong>¹²</strong></span> <span class='ocrx_word' id='word_1_171' title='bbox 447 1649 526 1689; x_wconf 82' lang='lat' dir='ltr'><strong>labitur</strong></span> <span class='ocrx_word' id='word_1_172' title='bbox 533 1652 596 1689; x_wconf 86' lang='lat' dir='ltr'><strong>unda.</strong></span> <span class='ocrx_word' id='word_1_173' title='bbox 678 1661 831 1696; x_wconf 76' lang='lat' dir='ltr'><strong>rnmteranruraa</strong></span> 
     </span>
    </p>
   </div>
   <div class='ocr_carea' id='block_1_19' title="bbox 48 1701 831 1753">
    <p class='ocr_par' dir='ltr' id='par_1_19' title="bbox 48 1701 831 1753">
     <span class='ocr_line' id='line_1_23' title="bbox 48 1701 831 1753; baseline 0.001 -11"><span class='ocrx_word' id='word_1_174' title='bbox 48 1705 131 1753; x_wconf 82' lang='lat' dir='ltr'><strong>Quare,</strong></span> <span class='ocrx_word' id='word_1_175' title='bbox 143 1701 208 1742; x_wconf 86' lang='lat' dir='ltr'><strong>Pierii</strong></span> <span class='ocrx_word' id='word_1_176' title='bbox 217 1701 309 1743; x_wconf 83' lang='lat' dir='ltr'><strong>latlols¹³</strong></span> <span class='ocrx_word' id='word_1_177' title='bbox 317 1707 390 1752; x_wconf 88' lang='lat' dir='ltr'><strong>decus,</strong></span> <span class='ocrx_word' id='word_1_178' title='bbox 403 1706 444 1753; x_wconf 91' lang='lat' dir='ltr'><strong>ite,</strong></span> <span class='ocrx_word' id='word_1_179' title='bbox 456 1717 536 1746; x_wconf 86' lang='lat' dir='ltr'><strong>sorores</strong></span> <span class='ocrx_word' id='word_1_180' title='bbox 679 1705 761 1736; x_wconf 63' lang='lat' dir='ltr'><strong>mim·</strong></span> <span class='ocrx_word' id='word_1_181' title='bbox 771 1704 798 1736; x_wconf 83' lang='lat' dir='ltr'><strong>sto</strong></span> <span class='ocrx_word' id='word_1_182' title='bbox 807 1704 831 1737; x_wconf 69' lang='lat'><strong>⁰⁴</strong></span> 
     </span>
    </p>
   </div>
   <div class='ocr_carea' id='block_1_20' title="bbox 49 1743 831 1819">
    <p class='ocr_par' dir='ltr' id='par_1_20' title="bbox 49 1743 831 1819">
     <span class='ocr_line' id='line_1_24' title="bbox 49 1743 831 1819; baseline 0.012 -18"><span class='ocrx_word' id='word_1_183' title='bbox 49 1763 134 1809; x_wconf 80' lang='lat' dir='ltr'><strong>Naides,</strong></span> <span class='ocrx_word' id='word_1_184' title='bbox 147 1765 169 1800; x_wconf 88' lang='lat' dir='ltr'><strong>et</strong></span> <span class='ocrx_word' id='word_1_185' title='bbox 178 1761 279 1802; x_wconf 84' lang='lat' dir='ltr'><strong>celebrate</strong></span> <span class='ocrx_word' id='word_1_186' title='bbox 289 1765 348 1802; x_wconf 88' lang='lat' dir='ltr'><strong>deum</strong></span> <span class='ocrx_word' id='word_1_187' title='bbox 360 1765 444 1804; x_wconf 86' lang='lat' dir='ltr'><strong>ludente</strong></span> <span class='ocrx_word' id='word_1_188' title='bbox 452 1767 534 1806; x_wconf 76' lang='lat' dir='ltr'><strong>chorea.</strong></span> <span class='ocrx_word' id='word_1_189' title='bbox 679 1743 831 1819; x_wconf 56' lang='lat' dir='ltr'><strong>fflfl&#39;af&#39;nff&#39;ffi&#39;f</strong></span> 
     </span>
    </p>
   </div>
   <div class='ocr_carea' id='block_1_21' title="bbox 47 1815 832 2108">
    <p class='ocr_par' dir='ltr' id='par_1_21' title="bbox 47 1815 832 2108">
     <span class='ocr_line' id='line_1_25' title="bbox 49 1815 830 1874; baseline 0.004 -14"><span class='ocrx_word' id='word_1_190' title='bbox 49 1823 76 1860; x_wconf 83' lang='lat' dir='ltr'><strong>Et</strong></span> <span class='ocrx_word' id='word_1_191' title='bbox 85 1824 120 1866; x_wconf 90' lang='lat' dir='ltr'><strong>tu,</strong></span> <span class='ocrx_word' id='word_1_192' title='bbox 133 1823 206 1859; x_wconf 87' lang='lat' dir='ltr'><strong>sancta</strong></span> <span class='ocrx_word' id='word_1_193' title='bbox 215 1820 273 1860; x_wconf 82' lang='lat' dir='ltr'><strong>Pales</strong></span> <span class='ocrx_word' id='word_1_194' title='bbox 280 1815 303 1869; x_wconf 77' lang='lat'><strong>¹⁴,</strong></span> <span class='ocrx_word' id='word_1_195' title='bbox 316 1823 342 1859; x_wconf 84' lang='lat' dir='ltr'><strong>ad</strong></span> <span class='ocrx_word' id='word_1_196' title='bbox 351 1831 414 1869; x_wconf 87' lang='lat' dir='ltr'><strong>quam</strong></span> <span class='ocrx_word' id='word_1_197' title='bbox 423 1827 511 1862; x_wconf 79' lang='lat' dir='ltr'><strong>ventura</strong></span> <span class='ocrx_word' id='word_1_198' title='bbox 520 1823 611 1863; x_wconf 79' lang='lat' dir='ltr'><strong>recurrit</strong></span> <span class='ocrx_word' id='word_1_199' title='bbox 679 1826 716 1858; x_wconf 83' lang='lat' dir='ltr'><strong>tam</strong></span> <span class='ocrx_word' id='word_1_200' title='bbox 721 1825 792 1874; x_wconf 63' lang='lat' dir='ltr'><strong>Ducere</strong></span> <span class='ocrx_word' id='word_1_201' title='bbox 797 1834 830 1858; x_wconf 74' lang='lat' dir='ltr'><strong>me.</strong></span> 
     </span>
     <span class='ocr_line' id='line_1_26' title="bbox 49 1865 832 1940; baseline 0.006 -23"><span class='ocrx_word' id='word_1_202' title='bbox 49 1877 161 1928; x_wconf 72' lang='lat' dir='ltr'><strong>agrestum</strong></span> <span class='ocrx_word' id='word_1_203' title='bbox 171 1880 224 1919; x_wconf 87' lang='lat' dir='ltr'><strong>bona</strong></span> <span class='ocrx_word' id='word_1_204' title='bbox 233 1889 288 1927; x_wconf 85' lang='lat' dir='ltr'><strong>sors,</strong></span> <span class='ocrx_word' id='word_1_205' title='bbox 301 1879 318 1919; x_wconf 88' lang='lat' dir='ltr'><strong>si</strong></span> <span class='ocrx_word' id='word_1_206' title='bbox 328 1889 369 1929; x_wconf 90' lang='lat' dir='ltr'><strong>qna</strong></span> <span class='ocrx_word' id='word_1_207' title='bbox 378 1883 410 1919; x_wconf 87' lang='lat' dir='ltr'><strong>est</strong></span> <span class='ocrx_word' id='word_1_208' title='bbox 419 1879 459 1920; x_wconf 79' lang='lat' dir='ltr'><strong>tilti</strong></span> <span class='ocrx_word' id='word_1_209' title='bbox 469 1891 519 1921; x_wconf 90' lang='lat' dir='ltr'><strong>cura</strong></span> <span class='ocrx_word' id='word_1_210' title='bbox 528 1883 620 1923; x_wconf 86' lang='lat' dir='ltr'><strong>tenentis</strong></span> <span class='ocrx_word' id='word_1_211' title='bbox 679 1865 832 1940; x_wconf 52' lang='lat' dir='ltr'><strong>fflfflfflrss</strong></span> 
     </span>
     <span class='ocr_line' id='line_1_27' title="bbox 50 1933 829 1987; baseline 0.004 -11"><span class='ocrx_word' id='word_1_212' title='bbox 50 1933 149 1976; x_wconf 70' lang='lat' dir='ltr'><strong>aereosli</strong></span> <span class='ocrx_word' id='word_1_213' title='bbox 156 1947 265 1977; x_wconf 87' lang='lat' dir='ltr'><strong>neruorum</strong></span> <span class='ocrx_word' id='word_1_214' title='bbox 279 1939 344 1977; x_wconf 88' lang='lat' dir='ltr'><strong>saltus</strong></span> <span class='ocrx_word' id='word_1_215' title='bbox 354 1939 459 1987; x_wconf 77' lang='lat' dir='ltr'><strong>silvasque</strong></span> <span class='ocrx_word' id='word_1_216' title='bbox 467 1939 574 1980; x_wconf 75' lang='lat' dir='ltr'><strong>virentes:</strong></span> <span class='ocrx_word' id='word_1_217' title='bbox 679 1953 750 1978; x_wconf 74' lang='lat' dir='ltr'><strong>carmon</strong></span> <span class='ocrx_word' id='word_1_218' title='bbox 767 1945 829 1980; x_wconf 71' lang='lat' dir='ltr'><strong>anat.</strong></span> 
     </span>
     <span class='ocr_line' id='line_1_28' title="bbox 49 1985 831 2060; baseline 0.005 -26"><span class='ocrx_word' id='word_1_219' title='bbox 49 1997 78 2034; x_wconf 88' lang='lat' dir='ltr'><strong>Te</strong></span> <span class='ocrx_word' id='word_1_220' title='bbox 89 1995 178 2035; x_wconf 86' lang='lat' dir='ltr'><strong>cultrice</strong></span> <span class='ocrx_word' id='word_1_221' title='bbox 184 1991 207 2043; x_wconf 75' lang='lat'><strong>¹⁶,</strong></span> <span class='ocrx_word' id='word_1_222' title='bbox 219 2007 284 2046; x_wconf 75' lang='lat' dir='ltr'><strong>vaqrrs</strong></span> <span class='ocrx_word' id='word_1_223' title='bbox 293 1998 358 2037; x_wconf 90' lang='lat' dir='ltr'><strong>saltus</strong></span> <span class='ocrx_word' id='word_1_224' title='bbox 367 1997 422 2037; x_wconf 83' lang='lat' dir='ltr'><strong>feror</strong></span> <span class='ocrx_word' id='word_1_225' title='bbox 433 1997 489 2037; x_wconf 90' lang='lat' dir='ltr'><strong>iuter</strong></span> <span class='ocrx_word' id='word_1_226' title='bbox 498 2003 519 2038; x_wconf 90' lang='lat' dir='ltr'><strong>et</strong></span> <span class='ocrx_word' id='word_1_227' title='bbox 528 2002 602 2045; x_wconf 60' lang='lat' dir='ltr'><strong>astra„</strong></span> <span class='ocrx_word' id='word_1_228' title='bbox 679 1985 831 2060; x_wconf 46' lang='lat' dir='ltr'><strong>mmmmm</strong></span> 
     </span>
     <span class='ocr_line' id='line_1_29' title="bbox 47 2067 831 2108; baseline 0.003 -11"><span class='ocrx_word' id='word_1_229' title='bbox 47 2068 60 2073; x_wconf 79' lang='grc'><em>”</em></span> <span class='ocrx_word' id='word_1_230' title='bbox 648 2074 660 2078; x_wconf 70' lang='grc'><strong>·’</strong></span> <span class='ocrx_word' id='word_1_231' title='bbox 677 2069 728 2099; x_wconf 83' lang='lat' dir='ltr'><strong>retur</strong></span> <span class='ocrx_word' id='word_1_232' title='bbox 732 2067 800 2108; x_wconf 70' lang='lat' dir='ltr'><strong>gramm</strong></span> <span class='ocrx_word' id='word_1_233' title='bbox 806 2073 831 2100; x_wconf 84' lang='lat' dir='ltr'><strong>est</strong></span> 
     </span>
    </p>
   </div>
   <div class='ocr_carea' id='block_1_22' title="bbox 49 2141 834 2998">
    <p class='ocr_par' dir='ltr' id='par_1_22' title="bbox 49 2141 834 2998">
     <span class='ocr_line' id='line_1_30' title="bbox 62 2141 831 2187; baseline 0.007 -12"><span class='ocrx_word' id='word_1_234' title='bbox 62 2146 94 2175; x_wconf 87' lang='lat' dir='ltr'><strong>ent</strong></span> <span class='ocrx_word' id='word_1_235' title='bbox 102 2141 144 2173; x_wconf 88' lang='lat' dir='ltr'><strong>milti</strong></span> <span class='ocrx_word' id='word_1_236' title='bbox 151 2146 170 2173; x_wconf 89' lang='lat' dir='ltr'><strong>ut</strong></span> <span class='ocrx_word' id='word_1_237' title='bbox 178 2150 238 2174; x_wconf 85' lang='lat' dir='ltr'><strong>secure</strong></span> <span class='ocrx_word' id='word_1_238' title='bbox 248 2145 331 2177; x_wconf 80' lang='lat' dir='ltr'><strong>i&#39;ruotltus</strong></span> <span class='ocrx_word' id='word_1_239' title='bbox 354 2154 423 2178; x_wconf 80' lang='lat' dir='ltr'><strong>usurum</strong></span> <span class='ocrx_word' id='word_1_240' title='bbox 432 2151 448 2178; x_wconf 90' lang='lat' dir='ltr'><strong>et</strong></span> <span class='ocrx_word' id='word_1_241' title='bbox 458 2145 523 2187; x_wconf 68' lang='lat' dir='ltr'><strong>ingenii</strong></span> <span class='ocrx_word' id='word_1_242' title='bbox 534 2144 623 2186; x_wconf 80' lang='lat' dir='ltr'><strong>capiendis</strong></span> <span class='ocrx_word' id='word_1_243' title='bbox 631 2145 680 2178; x_wconf 85' lang='lat' dir='ltr'><strong>indul</strong></span> <span class='ocrx_word' id='word_1_244' title='bbox 692 2155 738 2181; x_wconf 69' lang='lat' dir='ltr'><strong>mm.</strong></span> <span class='ocrx_word' id='word_1_245' title='bbox 745 2165 765 2170; x_wconf 96' lang='lat'>—</span> <span class='ocrx_word' id='word_1_246' title='bbox 774 2153 782 2180; x_wconf 82' lang='lat' dir='ltr'><strong>t</strong></span> <span class='ocrx_word' id='word_1_247' title='bbox 790 2147 831 2180; x_wconf 81' lang='lat' dir='ltr'><strong>i’tti-</strong></span> 
     </span>
     <span class='ocr_line' id='line_1_31' title="bbox 50 2156 830 2230; baseline 0.008 -14"><span class='ocrx_word' id='word_1_248' title='bbox 50 2183 136 2216; x_wconf 80' lang='lat' dir='ltr'><strong>cherrima</strong></span> <span class='ocrx_word' id='word_1_249' title='bbox 144 2183 206 2230; x_wconf 80' lang='lat' dir='ltr'><strong>horurn</strong></span> <span class='ocrx_word' id='word_1_250' title='bbox 227 2182 277 2217; x_wconf 79' lang='lat' dir='ltr'><strong>roien.</strong></span> <span class='ocrx_word' id='word_1_251' title='bbox 285 2203 303 2209; x_wconf 94' lang='lat'><em>-</em></span> <span class='ocrx_word' id='word_1_252' title='bbox 312 2187 381 2218; x_wconf 75' lang='lat' dir='ltr'><strong>anuum</strong></span> <span class='ocrx_word' id='word_1_253' title='bbox 388 2187 463 2227; x_wconf 75' lang='lat' dir='ltr'><strong>aliquem</strong></span> <span class='ocrx_word' id='word_1_254' title='bbox 471 2187 575 2218; x_wconf 78' lang='lat' dir='ltr'><strong>advocantes</strong></span> <span class='ocrx_word' id='word_1_255' title='bbox 581 2186 612 2218; x_wconf 84' lang='lat' dir='ltr'><strong>sibi</strong></span> <span class='ocrx_word' id='word_1_256' title='bbox 620 2156 733 2228; x_wconf 64' lang='lat' dir='ltr'><strong>poetaeiocos</strong></span> <span class='ocrx_word' id='word_1_257' title='bbox 739 2196 830 2222; x_wconf 80' lang='lat' dir='ltr'><strong>recensere</strong></span> 
     </span>
     <span class='ocr_line' id='line_1_32' title="bbox 49 2222 831 2276; baseline 0.006 -19"><span class='ocrx_word' id='word_1_258' title='bbox 49 2225 107 2258; x_wconf 86' lang='lat' dir='ltr'><strong>solent</strong></span> <span class='ocrx_word' id='word_1_259' title='bbox 115 2231 158 2264; x_wconf 86' lang='lat' dir='ltr'><strong>quos</strong></span> <span class='ocrx_word' id='word_1_260' title='bbox 169 2222 226 2264; x_wconf 75' lang='lat' dir='ltr'><strong>diligit</strong></span> <span class='ocrx_word' id='word_1_261' title='bbox 233 2223 263 2256; x_wconf 85' lang='lat' dir='ltr'><strong>lile</strong></span> <span class='ocrx_word' id='word_1_262' title='bbox 270 2229 288 2257; x_wconf 87' lang='lat' dir='ltr'><strong>ot</strong></span> <span class='ocrx_word' id='word_1_263' title='bbox 294 2224 325 2258; x_wconf 88' lang='lat' dir='ltr'><strong>ubi</strong></span> <span class='ocrx_word' id='word_1_264' title='bbox 334 2231 371 2274; x_wconf 81' lang='lat' dir='ltr'><strong>tum</strong></span> <span class='ocrx_word' id='word_1_265' title='bbox 380 2227 473 2276; x_wconf 72' lang='lat' dir='ltr'><strong>probabile</strong></span> <span class='ocrx_word' id='word_1_266' title='bbox 481 2231 508 2259; x_wconf 83' lang='lat' dir='ltr'><strong>cst</strong></span> <span class='ocrx_word' id='word_1_267' title='bbox 518 2235 558 2260; x_wconf 83' lang='lat' dir='ltr'><strong>eunt</strong></span> <span class='ocrx_word' id='word_1_268' title='bbox 565 2228 674 2260; x_wconf 80' lang='lat' dir='ltr'><strong>ooramomt.</strong></span> <span class='ocrx_word' id='word_1_269' title='bbox 686 2229 719 2262; x_wconf 80' lang='lat' dir='ltr'><strong>l’ro</strong></span> <span class='ocrx_word' id='word_1_270' title='bbox 726 2229 791 2262; x_wconf 80' lang='lat' dir='ltr'><strong>edrtcat</strong></span> <span class='ocrx_word' id='word_1_271' title='bbox 801 2238 831 2262; x_wconf 84' lang='lat' dir='ltr'><strong>ex·</strong></span> 
     </span>
     <span class='ocr_line' id='line_1_33' title="bbox 49 2263 830 2350; baseline -0.008 -10"><span class='ocrx_word' id='word_1_272' title='bbox 49 2269 117 2340; x_wconf 58' lang='lat' dir='ltr'><strong>{iiiii</strong></span> <span class='ocrx_word' id='word_1_273' title='bbox 124 2263 198 2345; x_wconf 66' lang='lat' dir='ltr'><strong>titii?</strong></span> <span class='ocrx_word' id='word_1_274' title='bbox 204 2266 646 2350; x_wconf 61' lang='lat' dir='ltr'><strong>ltltlolulttltiltttultttll‘tittl:</strong></span> <span class='ocrx_word' id='word_1_275' title='bbox 652 2269 778 2350; x_wconf 70' lang='lat' dir='ltr'><strong>litatl‘ltt</strong></span> <span class='ocrx_word' id='word_1_276' title='bbox 784 2278 830 2342; x_wconf 75' lang='lat' dir='ltr'><strong>iii!</strong></span> 
     </span>
     <span class='ocr_line' id='line_1_34' title="bbox 50 2345 830 2393; baseline 0.004 -14"><span class='ocrx_word' id='word_1_277' title='bbox 50 2350 90 2380; x_wconf 85' lang='lat' dir='ltr'><strong>tirus</strong></span> <span class='ocrx_word' id='word_1_278' title='bbox 100 2346 164 2383; x_wconf 67' lang='lat' dir='ltr'><strong>aarum:</strong></span> <span class='ocrx_word' id='word_1_279' title='bbox 173 2345 204 2393; x_wconf 73' lang='lat' dir='ltr'><strong>triti</strong></span> <span class='ocrx_word' id='word_1_280' title='bbox 214 2349 240 2377; x_wconf 77' lang='grc' dir='ltr'><strong>ιιι</strong></span> <span class='ocrx_word' id='word_1_281' title='bbox 249 2347 308 2378; x_wconf 80' lang='lat' dir='ltr'><strong>Patara</strong></span> <span class='ocrx_word' id='word_1_282' title='bbox 316 2348 367 2385; x_wconf 76' lang='grc' dir='ltr'>ιιιὺι.</span> <span class='ocrx_word' id='word_1_283' title='bbox 374 2348 437 2381; x_wconf 82' lang='lat' dir='ltr'><strong>dilecta</strong></span> <span class='ocrx_word' id='word_1_284' title='bbox 448 2349 534 2390; x_wconf 66' lang='lat' dir='ltr'><strong>Apoiiirm</strong></span> <span class='ocrx_word' id='word_1_285' title='bbox 546 2348 586 2382; x_wconf 81' lang='lat' dir='ltr'><strong>vide</strong></span> <span class='ocrx_word' id='word_1_286' title='bbox 597 2359 615 2390; x_wconf 89' lang='lat' dir='ltr'><strong>p.</strong></span> <span class='ocrx_word' id='word_1_287' title='bbox 626 2355 661 2386; x_wconf 78' lang='lat' dir='ltr'><strong>tot.</strong></span> <span class='ocrx_word' id='word_1_288' title='bbox 671 2359 688 2382; x_wconf 87' lang='lat' dir='ltr'><strong>u.</strong></span> <span class='ocrx_word' id='word_1_289' title='bbox 700 2352 725 2382; x_wconf 83' lang='lat' dir='ltr'><strong>la.</strong></span> <span class='ocrx_word' id='word_1_290' title='bbox 736 2349 830 2391; x_wconf 76' lang='lat' dir='ltr'><strong>Epitheton</strong></span> 
     </span>
     <span class='ocr_line' id='line_1_35' title="bbox 50 2385 830 2430; baseline 0 -8"><span class='ocrx_word' id='word_1_291' title='bbox 50 2387 149 2422; x_wconf 73' lang='lat' dir='ltr'><strong>colmano</strong></span> <span class='ocrx_word' id='word_1_292' title='bbox 156 2385 220 2418; x_wconf 77' lang='lat' dir='ltr'><strong>indicat</strong></span> <span class='ocrx_word' id='word_1_293' title='bbox 228 2386 304 2426; x_wconf 76' lang='lat' dir='ltr'><strong>lycum.</strong></span> <span class='ocrx_word' id='word_1_294' title='bbox 314 2388 404 2422; x_wconf 75' lang='lat' dir='ltr'><strong>ctrlrnoera</strong></span> <span class='ocrx_word' id='word_1_295' title='bbox 413 2390 485 2422; x_wconf 86' lang='lat' dir='ltr'><strong>monstri</strong></span> <span class='ocrx_word' id='word_1_296' title='bbox 518 2391 578 2428; x_wconf 85' lang='lat' dir='ltr'><strong>triam,</strong></span> <span class='ocrx_word' id='word_1_297' title='bbox 586 2395 603 2422; x_wconf 86' lang='lat' dir='ltr'><strong>et</strong></span> <span class='ocrx_word' id='word_1_298' title='bbox 611 2389 679 2430; x_wconf 87' lang='lat' dir='ltr'><strong>poetice</strong></span> <span class='ocrx_word' id='word_1_299' title='bbox 686 2389 715 2421; x_wconf 82' lang='lat' dir='ltr'><strong>vel</strong></span> <span class='ocrx_word' id='word_1_300' title='bbox 723 2390 797 2430; x_wconf 81' lang='lat' dir='ltr'><strong>mythice</strong></span> <span class='ocrx_word' id='word_1_301' title='bbox 803 2399 830 2422; x_wconf 84' lang='lat' dir='ltr'><strong>so-</strong></span> 
     </span>
     <span class='ocr_line' id='line_1_36' title="bbox 50 2425 828 2471; baseline 0.003 -11"><span class='ocrx_word' id='word_1_302' title='bbox 50 2435 81 2462; x_wconf 82' lang='lat' dir='ltr'><strong>nat</strong></span> <span class='ocrx_word' id='word_1_303' title='bbox 88 2428 135 2462; x_wconf 83' lang='lat' dir='ltr'><strong>idern</strong></span> <span class='ocrx_word' id='word_1_304' title='bbox 143 2426 190 2468; x_wconf 87' lang='lat' dir='ltr'><strong>quod</strong></span> <span class='ocrx_word' id='word_1_305' title='bbox 198 2425 260 2465; x_wconf 69' lang='lat' dir='ltr'><strong>troia.</strong></span> <span class='ocrx_word' id='word_1_306' title='bbox 269 2426 312 2458; x_wconf 78' lang='lat' dir='ltr'><strong>tiaie</strong></span> <span class='ocrx_word' id='word_1_307' title='bbox 322 2427 350 2460; x_wconf 83' lang='lat' dir='ltr'><strong>alii</strong></span> <span class='ocrx_word' id='word_1_308' title='bbox 361 2438 381 2460; x_wconf 90' lang='lat' dir='ltr'><strong>co</strong></span> <span class='ocrx_word' id='word_1_309' title='bbox 394 2430 438 2461; x_wconf 87' lang='lat' dir='ltr'><strong>&#39;tant</strong></span> <span class='ocrx_word' id='word_1_310' title='bbox 446 2431 468 2463; x_wconf 90' lang='lat' dir='ltr'><strong>de</strong></span> <span class='ocrx_word' id='word_1_311' title='bbox 477 2431 501 2462; x_wconf 84' lang='lat' dir='ltr'><strong>Cir</strong></span> <span class='ocrx_word' id='word_1_312' title='bbox 509 2439 562 2462; x_wconf 82' lang='lat' dir='ltr'><strong>msera</strong></span> <span class='ocrx_word' id='word_1_313' title='bbox 571 2435 640 2466; x_wconf 79' lang='lat' dir='ltr'><strong>mosne.</strong></span> <span class='ocrx_word' id='word_1_314' title='bbox 648 2435 698 2471; x_wconf 86' lang='lat' dir='ltr'><strong>parte</strong></span> <span class='ocrx_word' id='word_1_315' title='bbox 707 2430 758 2470; x_wconf 71' lang='lat' dir='ltr'><strong>Gragi</strong></span> <span class='ocrx_word' id='word_1_316' title='bbox 764 2453 769 2468; x_wconf 84' lang='lat'>.</span> <span class='ocrx_word' id='word_1_317' title='bbox 776 2438 828 2470; x_wconf 84' lang='lat' dir='ltr'><strong>quem</strong></span> 
     </span>
     <span class='ocr_line' id='line_1_37' title="bbox 50 2468 828 2512; baseline 0.001 -11"><span class='ocrx_word' id='word_1_318' title='bbox 50 2479 86 2501; x_wconf 88' lang='lat' dir='ltr'><strong>non</strong></span> <span class='ocrx_word' id='word_1_319' title='bbox 94 2469 150 2510; x_wconf 72' lang='lat' dir='ltr'><strong>tangit</strong></span> <span class='ocrx_word' id='word_1_320' title='bbox 158 2469 241 2502; x_wconf 78' lang='lat' dir='ltr'><strong>Xanthus.</strong></span> <span class='ocrx_word' id='word_1_321' title='bbox 250 2484 269 2491; x_wconf 94' lang='lat'>-</span> <span class='ocrx_word' id='word_1_322' title='bbox 280 2473 294 2499; x_wconf 93' lang='lat' dir='ltr'><strong>tl</strong></span> <span class='ocrx_word' id='word_1_323' title='bbox 303 2468 369 2500; x_wconf 77' lang='lat' dir='ltr'><strong>Asteria</strong></span> <span class='ocrx_word' id='word_1_324' title='bbox 391 2479 450 2508; x_wconf 77' lang='lat' dir='ltr'><strong>ecura,</strong></span> <span class='ocrx_word' id='word_1_325' title='bbox 458 2471 536 2512; x_wconf 83' lang='lat' dir='ltr'><strong>pulelrra.</strong></span> <span class='ocrx_word' id='word_1_326' title='bbox 542 2469 590 2506; x_wconf 76' lang='lat' dir='ltr'><strong>‚Dicit</strong></span> <span class='ocrx_word' id='word_1_327' title='bbox 597 2469 666 2507; x_wconf 81' lang='lat' dir='ltr'><strong>Delum,</strong></span> <span class='ocrx_word' id='word_1_328' title='bbox 672 2469 745 2502; x_wconf 79' lang='lat' dir='ltr'><strong>insulam</strong></span> <span class='ocrx_word' id='word_1_329' title='bbox 754 2479 828 2512; x_wconf 79' lang='lat' dir='ltr'><strong>moram,</strong></span> 
     </span>
     <span class='ocr_line' id='line_1_38' title="bbox 49 2508 830 2550; baseline 0.004 -9"><span class='ocrx_word' id='word_1_330' title='bbox 49 2511 97 2549; x_wconf 78' lang='lat' dir='ltr'><strong>enjus</strong></span> <span class='ocrx_word' id='word_1_331' title='bbox 104 2510 152 2542; x_wconf 83' lang='lat' dir='ltr'><strong>inter</strong></span> <span class='ocrx_word' id='word_1_332' title='bbox 160 2513 219 2540; x_wconf 77' lang='lat' dir='ltr'><strong>actara</strong></span> <span class='ocrx_word' id='word_1_333' title='bbox 226 2508 297 2540; x_wconf 73' lang='lat' dir='ltr'><strong>nomina</strong></span> <span class='ocrx_word' id='word_1_334' title='bbox 307 2508 431 2542; x_wconf 69' lang='lat' dir='ltr'><strong>ercamserta.</strong></span> <span class='ocrx_word' id='word_1_335' title='bbox 440 2511 506 2543; x_wconf 80' lang='lat' dir='ltr'><strong>Deinde</strong></span> <span class='ocrx_word' id='word_1_336' title='bbox 515 2510 592 2550; x_wconf 77' lang='lat' dir='ltr'><strong>Detptos</strong></span> <span class='ocrx_word' id='word_1_337' title='bbox 599 2515 692 2550; x_wconf 83' lang='lat' dir='ltr'><strong>memorat,</strong></span> <span class='ocrx_word' id='word_1_338' title='bbox 700 2519 709 2542; x_wconf 79' lang='lat' dir='ltr'><strong>a</strong></span> <span class='ocrx_word' id='word_1_339' title='bbox 719 2509 752 2542; x_wconf 69' lang='lat' dir='ltr'><strong>altu</strong></span> <span class='ocrx_word' id='word_1_340' title='bbox 760 2510 779 2543; x_wconf 89' lang='lat' dir='ltr'><strong>in</strong></span> <span class='ocrx_word' id='word_1_341' title='bbox 789 2512 830 2544; x_wconf 77' lang='lat' dir='ltr'><strong>Pur-</strong></span> 
     </span>
     <span class='ocr_line' id='line_1_39' title="bbox 50 2548 830 2592; baseline 0 -10"><span class='ocrx_word' id='word_1_342' title='bbox 50 2559 105 2587; x_wconf 85' lang='lat' dir='ltr'><strong>nnsso.</strong></span> <span class='ocrx_word' id='word_1_343' title='bbox 112 2549 235 2582; x_wconf 84' lang='lat' dir='ltr'><strong>semicircuiari</strong></span> <span class='ocrx_word' id='word_1_344' title='bbox 243 2548 331 2586; x_wconf 60' lang='lat' dir='ltr'><strong>fernand</strong></span> <span class='ocrx_word' id='word_1_345' title='bbox 339 2550 402 2584; x_wconf 71' lang='lat' dir='ltr'><strong>theam</strong></span> <span class='ocrx_word' id='word_1_346' title='bbox 409 2551 487 2588; x_wconf 86' lang='lat' dir='ltr'><strong>modurn,</strong></span> <span class='ocrx_word' id='word_1_347' title='bbox 492 2551 583 2584; x_wconf 85' lang='lat' dir='ltr'><strong>meridiem</strong></span> <span class='ocrx_word' id='word_1_348' title='bbox 590 2559 650 2584; x_wconf 84' lang='lat' dir='ltr'><strong>renus</strong></span> <span class='ocrx_word' id='word_1_349' title='bbox 669 2555 728 2582; x_wconf 81' lang='lat' dir='ltr'><strong>alente</strong></span> <span class='ocrx_word' id='word_1_350' title='bbox 736 2555 753 2582; x_wconf 88' lang='lat' dir='ltr'><strong>et</strong></span> <span class='ocrx_word' id='word_1_351' title='bbox 760 2559 830 2592; x_wconf 83' lang='lat' dir='ltr'><strong>campos</strong></span> 
     </span>
     <span class='ocr_line' id='line_1_40' title="bbox 50 2560 830 2636; baseline 0.001 -13"><span class='ocrx_word' id='word_1_352' title='bbox 50 2591 126 2623; x_wconf 78' lang='lat' dir='ltr'><strong>adurere</strong></span> <span class='ocrx_word' id='word_1_353' title='bbox 133 2594 225 2630; x_wconf 72' lang='lat' dir='ltr'><strong>vergentes</strong></span> <span class='ocrx_word' id='word_1_354' title='bbox 234 2595 322 2630; x_wconf 68' lang='lat' dir='ltr'><strong>unquam</strong></span> <span class='ocrx_word' id='word_1_355' title='bbox 330 2590 412 2622; x_wconf 81' lang='lat' dir='ltr'><strong>eorniims</strong></span> <span class='ocrx_word' id='word_1_356' title='bbox 419 2591 526 2623; x_wconf 83' lang='lat' dir='ltr'><strong>includente.</strong></span> <span class='ocrx_word' id='word_1_357' title='bbox 536 2592 555 2622; x_wconf 93' lang='lat' dir='ltr'><strong>ln</strong></span> <span class='ocrx_word' id='word_1_358' title='bbox 562 2599 596 2636; x_wconf 79' lang='lat' dir='ltr'><strong>qna</strong></span> <span class='ocrx_word' id='word_1_359' title='bbox 604 2560 676 2632; x_wconf 59' lang='lat' dir='ltr'><strong>plantffa</strong></span> <span class='ocrx_word' id='word_1_360' title='bbox 685 2591 749 2635; x_wconf 78' lang='lat' dir='ltr'><strong>Pytlrlcl</strong></span> <span class='ocrx_word' id='word_1_361' title='bbox 758 2591 793 2624; x_wconf 89' lang='lat' dir='ltr'><strong>ludi</strong></span> <span class='ocrx_word' id='word_1_362' title='bbox 801 2601 830 2624; x_wconf 82' lang='lat' dir='ltr'><strong>ee·</strong></span> 
     </span>
     <span class='ocr_line' id='line_1_41' title="bbox 50 2631 830 2672; baseline 0.001 -8"><span class='ocrx_word' id='word_1_363' title='bbox 50 2632 170 2664; x_wconf 72' lang='lat' dir='ltr'><strong>tentabantur.</strong></span> <span class='ocrx_word' id='word_1_364' title='bbox 178 2646 198 2653; x_wconf 90' lang='lat'><em>-</em></span> <span class='ocrx_word' id='word_1_365' title='bbox 209 2635 226 2661; x_wconf 83' lang='lat' dir='ltr'><strong>tt</strong></span> <span class='ocrx_word' id='word_1_366' title='bbox 232 2631 260 2663; x_wconf 77' lang='lat' dir='ltr'><strong>sle</strong></span> <span class='ocrx_word' id='word_1_367' title='bbox 267 2631 356 2663; x_wconf 78' lang='lat' dir='ltr'><strong>Lucretius</strong></span> <span class='ocrx_word' id='word_1_368' title='bbox 363 2639 368 2662; x_wconf 75' lang='grc' dir='ltr'>ι</span> <span class='ocrx_word' id='word_1_369' title='bbox 376 2631 407 2663; x_wconf 82' lang='lat' dir='ltr'><strong>oia</strong></span> <span class='ocrx_word' id='word_1_370' title='bbox 414 2636 463 2664; x_wconf 79' lang='lat' dir='ltr'><strong>tecla</strong></span> <span class='ocrx_word' id='word_1_371' title='bbox 469 2632 524 2664; x_wconf 82' lang='lat' dir='ltr'><strong>semet</strong></span> <span class='ocrx_word' id='word_1_372' title='bbox 531 2631 602 2672; x_wconf 74' lang='lat' dir='ltr'><strong>liquido</strong></span> <span class='ocrx_word' id='word_1_373' title='bbox 609 2631 655 2672; x_wconf 78' lang='lat' dir='ltr'><strong>pede</strong></span> <span class='ocrx_word' id='word_1_374' title='bbox 661 2631 727 2664; x_wconf 78' lang='lat' dir='ltr'><strong>derunt</strong></span> <span class='ocrx_word' id='word_1_375' title='bbox 736 2632 804 2671; x_wconf 65' lang='lat' dir='ltr'><strong>undosa</strong></span> <span class='ocrx_word' id='word_1_376' title='bbox 812 2638 830 2665; x_wconf 86' lang='lat' dir='ltr'><strong>et</strong></span> 
     </span>
     <span class='ocr_line' id='line_1_42' title="bbox 51 2668 830 2714; baseline 0.001 -10"><span class='ocrx_word' id='word_1_377' title='bbox 51 2673 131 2706; x_wconf 81' lang='lat' dir='ltr'><strong>lloratius</strong></span> <span class='ocrx_word' id='word_1_378' title='bbox 138 2681 143 2704; x_wconf 85' lang='lat' dir='ltr'><strong>t</strong></span> <span class='ocrx_word' id='word_1_379' title='bbox 151 2668 239 2704; x_wconf 73' lang='lat' dir='ltr'><strong>mamitus</strong></span> <span class='ocrx_word' id='word_1_380' title='bbox 247 2669 299 2704; x_wconf 67' lang='lat' dir='ltr'><strong>lautu</strong></span> <span class='ocrx_word' id='word_1_381' title='bbox 305 2675 390 2712; x_wconf 73' lang='lat' dir='ltr'><strong>crapulate</strong></span> <span class='ocrx_word' id='word_1_382' title='bbox 397 2672 469 2714; x_wconf 75' lang='lat' dir='ltr'><strong>tymplra</strong></span> <span class='ocrx_word' id='word_1_383' title='bbox 480 2672 542 2705; x_wconf 80' lang='lat' dir='ltr'><strong>desilit</strong></span> <span class='ocrx_word' id='word_1_384' title='bbox 550 2672 601 2712; x_wconf 78' lang='lat' dir='ltr'><strong>perte.</strong></span> <span class='ocrx_word' id='word_1_385' title='bbox 611 2689 629 2696; x_wconf 82' lang='lat'><em>-</em></span> <span class='ocrx_word' id='word_1_386' title='bbox 641 2677 658 2704; x_wconf 80' lang='lat' dir='ltr'><strong>ts</strong></span> <span class='ocrx_word' id='word_1_387' title='bbox 665 2671 790 2712; x_wconf 86' lang='lat' dir='ltr'><strong>lllppocrouen</strong></span> <span class='ocrx_word' id='word_1_388' title='bbox 801 2673 830 2706; x_wconf 86' lang='lat' dir='ltr'><strong>in·</strong></span> 
     </span>
     <span class='ocr_line' id='line_1_43' title="bbox 49 2711 829 2756; baseline 0.003 -12"><span class='ocrx_word' id='word_1_389' title='bbox 49 2713 115 2756; x_wconf 69' lang='lat' dir='ltr'><strong>teilige,</strong></span> <span class='ocrx_word' id='word_1_390' title='bbox 123 2713 188 2754; x_wconf 80' lang='lat' dir='ltr'><strong>quaein</strong></span> <span class='ocrx_word' id='word_1_391' title='bbox 197 2711 279 2744; x_wconf 87' lang='lat' dir='ltr'><strong>iieiieone</strong></span> <span class='ocrx_word' id='word_1_392' title='bbox 285 2717 345 2745; x_wconf 84' lang='lat' dir='ltr'><strong>monte</strong></span> <span class='ocrx_word' id='word_1_393' title='bbox 354 2713 434 2750; x_wconf 81' lang='lat' dir='ltr'><strong>scaturit,</strong></span> <span class='ocrx_word' id='word_1_394' title='bbox 441 2713 508 2746; x_wconf 82' lang='lat' dir='ltr'><strong>iontem</strong></span> <span class='ocrx_word' id='word_1_395' title='bbox 518 2714 614 2750; x_wconf 71' lang='lat' dir='ltr'><strong>Multarum</strong></span> <span class='ocrx_word' id='word_1_396' title='bbox 625 2722 661 2744; x_wconf 87' lang='lat' dir='ltr'><strong>non</strong></span> <span class='ocrx_word' id='word_1_397' title='bbox 669 2717 776 2744; x_wconf 82' lang='lat' dir='ltr'><strong>meinoratur</strong></span> <span class='ocrx_word' id='word_1_398' title='bbox 782 2713 829 2746; x_wconf 83' lang='lat' dir='ltr'><strong>eninr</strong></span> 
     </span>
     <span class='ocr_line' id='line_1_44' title="bbox 50 2751 830 2795; baseline 0.003 -11"><span class='ocrx_word' id='word_1_399' title='bbox 50 2752 88 2786; x_wconf 84' lang='lat' dir='ltr'><strong>sons</strong></span> <span class='ocrx_word' id='word_1_400' title='bbox 97 2756 116 2786; x_wconf 91' lang='lat' dir='ltr'><strong>irr</strong></span> <span class='ocrx_word' id='word_1_401' title='bbox 129 2755 179 2786; x_wconf 83' lang='lat' dir='ltr'><strong>Piero</strong></span> <span class='ocrx_word' id='word_1_402' title='bbox 186 2757 253 2792; x_wconf 80' lang='lat' dir='ltr'><strong>monta,</strong></span> <span class='ocrx_word' id='word_1_403' title='bbox 264 2753 296 2793; x_wconf 83' lang='lat' dir='ltr'><strong>ipsi</strong></span> <span class='ocrx_word' id='word_1_404' title='bbox 304 2763 374 2795; x_wconf 87' lang='lat' dir='ltr'><strong>quoquo</strong></span> <span class='ocrx_word' id='word_1_405' title='bbox 382 2754 432 2785; x_wconf 79' lang='lat' dir='ltr'><strong>illusis</strong></span> <span class='ocrx_word' id='word_1_406' title='bbox 438 2763 492 2787; x_wconf 81' lang='lat' dir='ltr'><strong>moro.</strong></span> <span class='ocrx_word' id='word_1_407' title='bbox 500 2751 580 2788; x_wconf 79' lang='lat' dir='ltr'><strong>Naidum</strong></span> <span class='ocrx_word' id='word_1_408' title='bbox 590 2753 619 2786; x_wconf 81' lang='lat' dir='ltr'><strong>vei</strong></span> <span class='ocrx_word' id='word_1_409' title='bbox 629 2752 711 2786; x_wconf 79' lang='lat' dir='ltr'><strong>Naiadum</strong></span> <span class='ocrx_word' id='word_1_410' title='bbox 720 2762 784 2785; x_wconf 86' lang='lat' dir='ltr'><strong>nomen</strong></span> <span class='ocrx_word' id='word_1_411' title='bbox 793 2763 830 2786; x_wconf 87' lang='lat' dir='ltr'><strong>non</strong></span> 
     </span>
     <span class='ocr_line' id='line_1_45' title="bbox 51 2793 829 2836; baseline 0.003 -12"><span class='ocrx_word' id='word_1_412' title='bbox 51 2803 89 2828; x_wconf 87' lang='lat' dir='ltr'><strong>raro</strong></span> <span class='ocrx_word' id='word_1_413' title='bbox 98 2793 151 2828; x_wconf 77' lang='lat' dir='ltr'><strong>datur</strong></span> <span class='ocrx_word' id='word_1_414' title='bbox 161 2795 212 2826; x_wconf 81' lang='lat' dir='ltr'><strong>etiam</strong></span> <span class='ocrx_word' id='word_1_415' title='bbox 223 2795 283 2832; x_wconf 85' lang='lat' dir='ltr'><strong>ttusls;</strong></span> <span class='ocrx_word' id='word_1_416' title='bbox 293 2795 333 2827; x_wconf 81' lang='lat' dir='ltr'><strong>vide</strong></span> <span class='ocrx_word' id='word_1_417' title='bbox 343 2804 362 2836; x_wconf 85' lang='lat' dir='ltr'><strong>p.</strong></span> <span class='ocrx_word' id='word_1_418' title='bbox 373 2801 399 2830; x_wconf 77' lang='lat' dir='ltr'><strong>tt.</strong></span> <span class='ocrx_word' id='word_1_419' title='bbox 407 2804 425 2826; x_wconf 90' lang='lat' dir='ltr'><strong>u.</strong></span> <span class='ocrx_word' id='word_1_420' title='bbox 435 2800 460 2828; x_wconf 82' lang='lat' dir='ltr'><strong>tt.</strong></span> <span class='ocrx_word' id='word_1_421' title='bbox 471 2811 486 2820; x_wconf 93' lang='lat'><em>-</em></span> <span class='ocrx_word' id='word_1_422' title='bbox 500 2798 517 2827; x_wconf 81' lang='lat' dir='ltr'><strong>tt</strong></span> <span class='ocrx_word' id='word_1_423' title='bbox 526 2795 568 2827; x_wconf 77' lang='lat' dir='ltr'><strong>ilde</strong></span> <span class='ocrx_word' id='word_1_424' title='bbox 575 2793 615 2828; x_wconf 79' lang='lat' dir='ltr'><strong>Ecl.</strong></span> <span class='ocrx_word' id='word_1_425' title='bbox 626 2793 645 2832; x_wconf 82' lang='lat' dir='ltr'><strong>V,</strong></span> <span class='ocrx_word' id='word_1_426' title='bbox 656 2797 681 2832; x_wconf 77' lang='lat' dir='ltr'><strong>ot.</strong></span> <span class='ocrx_word' id='word_1_427' title='bbox 690 2803 707 2826; x_wconf 89' lang='lat' dir='ltr'><strong>n.</strong></span> <span class='ocrx_word' id='word_1_428' title='bbox 720 2799 745 2831; x_wconf 78' lang='lat' dir='ltr'><strong>tt,</strong></span> <span class='ocrx_word' id='word_1_429' title='bbox 753 2793 782 2825; x_wconf 88' lang='lat' dir='ltr'><strong>ubi</strong></span> <span class='ocrx_word' id='word_1_430' title='bbox 793 2795 829 2826; x_wconf 76' lang='lat' dir='ltr'><strong>irase</strong></span> 
     </span>
     <span class='ocr_line' id='line_1_46' title="bbox 49 2833 830 2877; baseline 0.003 -11"><span class='ocrx_word' id='word_1_431' title='bbox 49 2833 81 2866; x_wconf 87' lang='lat' dir='ltr'><strong>dca</strong></span> <span class='ocrx_word' id='word_1_432' title='bbox 88 2835 130 2869; x_wconf 86' lang='lat' dir='ltr'><strong>item</strong></span> <span class='ocrx_word' id='word_1_433' title='bbox 139 2835 250 2876; x_wconf 76' lang='lat' dir='ltr'><strong>conjungitur</strong></span> <span class='ocrx_word' id='word_1_434' title='bbox 258 2843 297 2867; x_wconf 87' lang='lat' dir='ltr'><strong>cum</strong></span> <span class='ocrx_word' id='word_1_435' title='bbox 308 2835 396 2877; x_wconf 79' lang='lat' dir='ltr'><strong>Apolline.</strong></span> <span class='ocrx_word' id='word_1_436' title='bbox 405 2833 487 2870; x_wconf 74' lang='lat' dir='ltr'><strong>Ventura</strong></span> <span class='ocrx_word' id='word_1_437' title='bbox 496 2835 582 2870; x_wconf 79' lang='lat' dir='ltr'><strong>beneflcio</strong></span> <span class='ocrx_word' id='word_1_438' title='bbox 592 2835 631 2867; x_wconf 73' lang='lat' dir='ltr'><strong>deas</strong></span> <span class='ocrx_word' id='word_1_439' title='bbox 641 2836 684 2866; x_wconf 86' lang='lat' dir='ltr'><strong>votis</strong></span> <span class='ocrx_word' id='word_1_440' title='bbox 694 2835 781 2866; x_wconf 78' lang='lat' dir='ltr'><strong>invocatae</strong></span> <span class='ocrx_word' id='word_1_441' title='bbox 791 2843 830 2868; x_wconf 80' lang='lat' dir='ltr'><strong>sors</strong></span> 
     </span>
     <span class='ocr_line' id='line_1_47' title="bbox 51 2875 829 2921; baseline 0.003 -15"><span class='ocrx_word' id='word_1_442' title='bbox 51 2875 105 2916; x_wconf 75' lang='lat' dir='ltr'><strong>torta,</strong></span> <span class='ocrx_word' id='word_1_443' title='bbox 118 2877 182 2908; x_wconf 79' lang='lat' dir='ltr'><strong>uberes</strong></span> <span class='ocrx_word' id='word_1_444' title='bbox 192 2885 273 2921; x_wconf 66' lang='lat' dir='ltr'><strong>ugrontnr</strong></span> <span class='ocrx_word' id='word_1_445' title='bbox 284 2882 388 2918; x_wconf 83' lang='lat' dir='ltr'><strong>proventus.</strong></span> <span class='ocrx_word' id='word_1_446' title='bbox 397 2893 416 2900; x_wconf 84' lang='lat'>—</span> <span class='ocrx_word' id='word_1_447' title='bbox 428 2883 445 2910; x_wconf 81' lang='lat' dir='ltr'><strong>rt</strong></span> <span class='ocrx_word' id='word_1_448' title='bbox 455 2877 508 2914; x_wconf 79' lang='lat' dir='ltr'><strong>atus.</strong></span> <span class='ocrx_word' id='word_1_449' title='bbox 520 2881 538 2908; x_wconf 87' lang='grc' dir='ltr'><strong>ιιι</strong></span> <span class='ocrx_word' id='word_1_450' title='bbox 551 2875 591 2910; x_wconf 77' lang='lat' dir='ltr'><strong>Eoi.</strong></span> <span class='ocrx_word' id='word_1_451' title='bbox 600 2879 617 2914; x_wconf 83' lang='lat' dir='ltr'><strong>l.</strong></span> <span class='ocrx_word' id='word_1_452' title='bbox 627 2885 646 2908; x_wconf 88' lang='lat' dir='ltr'><strong>n.</strong></span> <span class='ocrx_word' id='word_1_453' title='bbox 658 2879 683 2907; x_wconf 76' lang='lat' dir='ltr'><strong>sl.</strong></span> <span class='ocrx_word' id='word_1_454' title='bbox 697 2877 798 2907; x_wconf 82' lang='lat' dir='ltr'><strong>Pasouorurn</strong></span> <span class='ocrx_word' id='word_1_455' title='bbox 810 2876 829 2908; x_wconf 86' lang='lat' dir='ltr'><strong>in</strong></span> 
     </span>
     <span class='ocr_line' id='line_1_48' title="bbox 49 2915 830 2961; baseline 0.005 -14"><span class='ocrx_word' id='word_1_456' title='bbox 49 2916 127 2949; x_wconf 73' lang='lat' dir='ltr'><strong>artatam</strong></span> <span class='ocrx_word' id='word_1_457' title='bbox 137 2923 155 2949; x_wconf 87' lang='lat' dir='ltr'><strong>et</strong></span> <span class='ocrx_word' id='word_1_458' title='bbox 165 2918 217 2950; x_wconf 80' lang='lat' dir='ltr'><strong>siim</strong></span> <span class='ocrx_word' id='word_1_459' title='bbox 225 2917 308 2959; x_wconf 71' lang='lat' dir='ltr'><strong>ireqrens</strong></span> <span class='ocrx_word' id='word_1_460' title='bbox 319 2918 385 2951; x_wconf 81' lang='lat' dir='ltr'><strong>mantio</strong></span> <span class='ocrx_word' id='word_1_461' title='bbox 396 2918 416 2950; x_wconf 87' lang='lat' dir='ltr'><strong>ln</strong></span> <span class='ocrx_word' id='word_1_462' title='bbox 428 2918 530 2961; x_wconf 65' lang='lat' dir='ltr'><strong>virgilianlu</strong></span> <span class='ocrx_word' id='word_1_463' title='bbox 542 2918 572 2950; x_wconf 87' lang='lat' dir='ltr'><strong>ubl</strong></span> <span class='ocrx_word' id='word_1_464' title='bbox 583 2923 600 2950; x_wconf 90' lang='lat' dir='ltr'><strong>et</strong></span> <span class='ocrx_word' id='word_1_465' title='bbox 610 2924 701 2950; x_wconf 78' lang='lat' dir='ltr'><strong>nemorum</strong></span> <span class='ocrx_word' id='word_1_466' title='bbox 711 2918 778 2956; x_wconf 78' lang='lat' dir='ltr'><strong>sollus,</strong></span> <span class='ocrx_word' id='word_1_467' title='bbox 788 2915 830 2951; x_wconf 82' lang='lat' dir='ltr'><strong>Etl.</strong></span> 
     </span>
     <span class='ocr_line' id='line_1_49' title="bbox 51 2955 834 2998; baseline 0.003 -10"><span class='ocrx_word' id='word_1_468' title='bbox 51 2956 81 2995; x_wconf 85' lang='lat' dir='ltr'><strong>l&#39;l.</strong></span> <span class='ocrx_word' id='word_1_469' title='bbox 94 2961 123 2997; x_wconf 78' lang='lat' dir='ltr'><strong>tt,</strong></span> <span class='ocrx_word' id='word_1_470' title='bbox 135 2963 172 2990; x_wconf 87' lang='lat' dir='ltr'><strong>not.</strong></span> <span class='ocrx_word' id='word_1_471' title='bbox 186 2962 211 2991; x_wconf 80' lang='lat' dir='ltr'><strong>tl.</strong></span> <span class='ocrx_word' id='word_1_472' title='bbox 220 2977 237 2983; x_wconf 89' lang='lat'><em>-</em></span> <span class='ocrx_word' id='word_1_473' title='bbox 248 2963 266 2992; x_wconf 78' lang='lat' dir='ltr'><strong>tt</strong></span> <span class='ocrx_word' id='word_1_474' title='bbox 279 2959 322 2992; x_wconf 82' lang='lat' dir='ltr'><strong>lirim</strong></span> <span class='ocrx_word' id='word_1_475' title='bbox 334 2966 364 2997; x_wconf 83' lang='lat' dir='ltr'><strong>lu.</strong></span> <span class='ocrx_word' id='word_1_476' title='bbox 374 2959 407 2993; x_wconf 84' lang='lat' dir='ltr'><strong>dea</strong></span> <span class='ocrx_word' id='word_1_477' title='bbox 426 2960 468 2994; x_wconf 84' lang='lat' dir='ltr'><strong>coiis</strong></span> <span class='ocrx_word' id='word_1_478' title='bbox 476 2959 529 2993; x_wconf 84' lang='lat' dir='ltr'><strong>sallus</strong></span> <span class='ocrx_word' id='word_1_479' title='bbox 539 2964 557 2992; x_wconf 88' lang='lat' dir='ltr'><strong>et</strong></span> <span class='ocrx_word' id='word_1_480' title='bbox 566 2957 681 2992; x_wconf 72' lang='lat' dir='ltr'><strong>stirmconl.</strong></span> <span class='ocrx_word' id='word_1_481' title='bbox 692 2955 754 2998; x_wconf 66' lang='lat' dir='ltr'><strong>Etloa.</strong></span> <span class='ocrx_word' id='word_1_482' title='bbox 766 2957 791 2996; x_wconf 84' lang='lat' dir='ltr'><strong>tl.</strong></span> <span class='ocrx_word' id='word_1_483' title='bbox 804 2961 834 2994; x_wconf 81' lang='lat' dir='ltr'><strong>ts.</strong></span> 
     </span>
    </p>
   </div>
   <div class='ocr_carea' id='block_1_23' title="bbox 579 3027 835 3038">
    <p class='ocr_par' dir='ltr' id='par_1_23' title="bbox 579 3027 835 3038">
     <span class='ocr_line' id='line_1_50' title="bbox 579 3027 835 3038; baseline 0.008 -2"><span class='ocrx_word' id='word_1_484' title='bbox 579 3027 622 3036; x_wconf 65' lang='lat' dir='ltr'>m</span> <span class='ocrx_word' id='word_1_485' title='bbox 772 3029 835 3038; x_wconf 59' lang='grc' dir='ltr'><strong>μι--ι</strong></span> 
     </span>
    </p>
   </div>
   <div class='ocr_carea' id='block_1_24' title="bbox 697 3065 723 3106">
    <p class='ocr_par' dir='ltr' id='par_1_24' title="bbox 697 3065 723 3106">
     <span class='ocr_line' id='line_1_51' title="bbox 697 3065 723 3106; baseline -0.077 0"><span class='ocrx_word' id='word_1_486' title='bbox 697 3065 723 3106; x_wconf 77' lang='lat' dir='ltr'><strong>tt</strong></span> 
     </span>
    </p>
   </div>
   <div class='ocr_carea' id='block_1_25' title="bbox 0 0 1013 3280">
    <p class='ocr_par' dir='ltr' id='par_1_25' title="bbox 0 0 1013 3280">
     <span class='ocr_line' id='line_1_52' title="bbox 0 0 1013 3280; baseline 0 0"><span class='ocrx_word' id='word_1_487' title='bbox 0 0 1013 3280; x_wconf 95' lang='lat' dir='ltr'><strong> </strong></span> 
     </span>
    </p>
   </div>
  </div>
 </body>
</html>
